2470 3718
686 197 942 238 Recensio
977 197 1284 251 Hieronymi
1317 196 1382 237 III
1415 198 1561 238 321V
1596 198 1632 238 1.
2007 202 2071 249 45

227 369 315 418 pro
354 353 553 403 nomine
588 353 784 402 domini
824 352 1016 416 aliquid
1048 353 1189 416 pati'.
1232 355 1289 401 et
1329 353 1589 412 collirio,
1630 353 1810 417 inquit,
1852 354 2072 418 inunge
2106 357 2144 408 3,
2180 356 2232 396 18

229 438 437 488 oculos
471 441 629 499 tuos,
664 442 738 488 ‘ut
770 439 902 503 quod
929 439 1145 488 libenter
1171 439 1435 504 cognoscis
1462 455 1550 502 per
1574 439 1895 503 scripturam,
1923 440 2072 489 huius

228 525 278 573 et
316 539 442 588 opus
482 525 643 574 facere
685 524 916 574 coneris³.
955 526 1005 573 et
1045 524 1279 587 quoniam
1323 523 1366 572 si
1406 524 1699 573 huiusmodi
1744 525 1974 574 homines
2017 526 2074 574 de

227 624 408 674 magno
458 609 648 659 excidio
698 610 759 658 ad
798 624 1032 674 magnam
1080 608 1287 658 redeant
1332 609 1713 671 paenitentiam,
1768 625 1864 660 non
1907 610 2071 659 solum

175 709 195 743 5
229 695 326 744 sibi
365 694 535 753 utileS‚
579 694 666 744 sed
708 695 882 744 multis
924 694 1162 758 prodesse
1203 697 1435 757 possunt,
1471 709 1566 743 non
1600 694 1908 744 mediocrem
1950 711 2074 744 mer-

229 779 402 829 cedem
444 780 515 829 eis
556 780 804 843 promisit,
845 780 897 828 id
939 783 1040 830 est:
1084 779 1290 829 sedere
1330 779 1386 828 in
1430 780 1583 828 solio
1624 780 1859 830 iudicii.
2104 791 2143 841 3,
2177 789 2226 830 21

1041 974 1161 1015 CAP.
1195 974 1266 1015 IV.

124 1074 151 1124 1
299 1077 470 1141 [Post
517 1078 675 1137 leaeo,
730 1077 912 1140 inquit,
967 1076 1101 1125 uidi
1156 1080 1205 1124 ct
1259 1091 1384 1125 ecee
1437 1077 1653 1125 ostium
1699 1080 1974 1138 apertum
2013 1078 2075 1125 ins
2108 1075 2201 1126 4⁷1

230 1162 435 1224 eaelo]
482 1163 719 1212 Ostium
762 1166 1033 1226 apertum
1074 1162 1130 1210 in
1172 1162 1345 1211 caelo
1385 1161 1505 1210 noui
1544 1162 1841 1210 testamenti
1881 1162 2073 1226 praedi-

158 1265 198 1298 ιο
231 1251 370 1296 cator
422 1247 552 1296 uidit
590 1248 835 1296 Iohannes
893 1250 944 1296 et
983 1247 1170 1297 dicitur
1218 1248 1285 1296 ei:
1342 1246 1601 1296 ascende
1649 1247 1778 1296 huc.
1832 1250 1913 1311 [et
1964 1264 2078 1297 ηοω

219 1334 439 1396 prima,
469 1349 639 1395 Quam
672 1333 889 1382 audini
922 1338 1222 1394 tamquam
1252 1332 1450 1380 tubam
1476 1331 1808 1394 loquentem
1838 1349 2074 1393 mecum,

231 1418 580 1481 loquebatur
618 1419 843 1467 dicens:
875 1419 1125 1467 ascende
1157 1417 1312 1482 huc]
1356 1418 1553 1480 quando
1588 1420 1821 1480 apertum
1855 1420 2076 1468 ostendi-

229 1506 327 1564 tur,
362 1505 592 1553 clausum
618 1504 779 1552 fuisse
805 1507 918 1553 ante
945 1504 1237 1552 hominibus
1264 1502 1594 1552 manifestum
1624 1505 1714 1551 est.
1748 1504 1872 1553 satis
1907 1507 2076 1554 autem

231 1591 282 1638 et
319 1590 463 1653 plene
502 1590 812 1652 patefactum
855 1592 947 1650 est,
990 1589 1187 1653 quando
1231 1588 1462 1638 Christus
1503 1589 1551 1637 in
1594 1604 1800 1652 corpore
1841 1590 1890 1638 in
1925 1590 2076 1639 caelis

160 1694 200 1727 15
233 1675 293 1723 ad
333 1677 525 1738 patrem
561 1675 803 1724 ascendit.
843 1691 950 1723 uox
991 1678 1162 1724 autem
1202 1676 1367 1739 prior
1407 1690 1576 1738 quam
1619 1675 1924 1725 audierat:
1961 1690 2074 1723 cum
2109 1674 2147 1713 4-
2185 1675 2202 1714 1

232 1761 366 1809 dicat
417 1760 563 1809 illum
619 1776 793 1809 secum
849 1776 959 1810 esse
1007 1761 1255 1820 locutum,
1313 1761 1419 1810 sine
1477 1760 1873 1810 contradictione
1929 1776 2076 1825 argn-
2110 1729 2294 1783 (ΠΛΟ

230 1847 395 1902 untur,
432 1845 516 1909 qui
550 1845 707 1894 alium
739 1846 787 1894 in
822 1847 1099 1910 prophetis,
1135 1847 1289 1895 alium
1324 1846 1373 1894 in
1409 1846 1674 1911 euangelio
1709 1846 1886 1895 dicunt
1916 1846 2076 1895 fuisse

229 1932 475 1989 locutum,
527 1947 641 1982 cum
681 1931 844 1996 magis
884 1932 993 1995 ipse
1034 1932 1118 1994 qui
1158 1932 1299 1981 uenit
1337 1931 1445 1995 ipse
1482 1932 1533 1980 in
1573 1931 1834 1995 prophetis
1873 1932 2077 1981 locutus

232 2016 313 2066 sit.
353 2017 601 2067 Iohannes
635 2017 766 2066 enim
800 2032 855 2066 ex
890 2016 1276 2066 circumcisione
1311 2018 1416 2064 erat
1450 2018 1500 2065 et
1540 2016 1704 2065 omnis
1737 2016 1824 2064 ille
1857 2016 2076 2080 populus

155 2121 199 2154 20
229 2101 418 2152 ueteris
444 2102 736 2152 testamenti
761 2102 1186 2167 praedicationem
1223 2101 1467 2162 audierat,
1498 2101 1589 2150 illa
1620 2117 1748 2151 uoce
1782 2101 2077 2151 aedificatus

290 2324 310 2364 1
346 2324 512 2377 aliquid
544 2326 652 2378 pati]
683 2326 777 2379 pati
807 2325 1116 2366 tribulationes
1156 2327 1200 2366 et
1238 2325 1462 2378 passiones
1494 2324 1576 2370 Xffi
1751 2326 1942 2378 inungue
1984 2325 2079 2373 TD,

231 2408 345 2448 unge
376 2396 424 2436 F
507 2397 532 2436 2
565 2397 801 2450 scripturas
839 2397 875 2438 G
989 2397 1134 2449 huius]
1168 2396 1262 2438 scil.
1295 2397 1535 2450 scripturae
1623 2397 1651 2437 4
1682 2396 1818 2437 scidio
1850 2397 1899 2437 F
1984 2396 2081 2438 red-

232 2469 337 2507 eunt
365 2466 493 2508 FIK
606 2470 630 2509 5
655 2472 760 2520 post
792 2468 875 2508 sibi
909 2468 1013 2511 add.
1048 2471 1149 2508 sunt
1181 2468 1216 2509 S
1311 2472 1414 2520 post
1446 2466 1522 2508 sed
1555 2468 1660 2509 add.
1696 2469 1739 2508 et
1762 2467 1924 2509 FIKS
2019 2469 2080 2509 eis

230 2537 470 2579 mercedem
508 2538 670 2580 CBJK
774 2542 799 2582 6
833 2539 1010 2580 sedere.
1033 2526 1397 2592 ‚soliolreddere
1431 2539 1492 2579 eis
1524 2539 1681 2579 solium
1712 2539 1796 2580 JK
1910 2539 2078 2592 sedere]

232 2609 378 2651 sedem
415 2610 505 2659 OB,
538 2610 726 2652 residere
750 2611 810 2651 M
894 2610 1050 2652 iudicis
1087 2610 1165 2652 OB
1254 2611 1279 2651 8
1312 2611 1609 2664 post..caelo
1643 2609 1747 2651 add.
1780 2610 1818 2650 X
1938 2611 2082 2664 inquit

231 2694 312 2724 om.
346 2681 385 2719 (1)
461 2700 480 2715 ι
526 2683 550 2722 9
584 2684 750 2723 osteum
789 2683 828 2723 T
858 2683 1015 2723 ostium
1037 2715 1045 2722 .
1066 2715 1074 2722 .
1096 2716 1104 2723 .
1124 2682 1242 2723 caelo
1276 2695 1358 2723 om.
1391 2681 1537 2730 IKM,
1570 2683 1785 2724 ostium..
1807 2682 2082 2735 praedicator

232 2765 313 2794 om.
337 2753 385 2793 F
497 2753 626 2796 noui.
647 2789 655 2797 .
675 2788 683 2796 .
700 2753 801 2807 huc]
833 2767 991 2794 nouum
1025 2756 1337 2794 testamentum
1370 2752 1647 2806 praedicatur
1669 2753 1842 2794 IKMS
1957 2767 2078 2807 prae-

232 2823 401 2864 dicatur
438 2824 591 2865 TDmI
685 2826 737 2866 10
769 2829 813 2866 et
844 2826 1083 2866 uox..huc
1117 2825 1221 2867 add.
1247 2824 1284 2864 X
1378 2825 1424 2865 11
1459 2824 1591 2865 tubae
1624 2825 1845 2878 loquentis
1876 2824 1958 2865 FS
1986 2838 2082 2866 cum

240 2894 362 2947 Vuly.
512 2895 564 2935 12
595 2895 856 2949 loquebatur
886 2909 967 2936 om.
1000 2895 1037 2936 S
1165 2895 1234 2935 hic
1265 2895 1313 2936 F
1456 2895 1508 2936 13
1541 2897 1672 2935 antea
1701 2894 1803 2944 MS,
1837 2908 1918 2936 om.
1951 2895 2082 2935 DCB

235 2965 288 3005 14
319 2969 364 3006 et
394 2979 475 3007 om.
508 2966 644 3006 IKM
787 2966 1075 3020 patefactum]
1110 2966 1383 3007 satisfactum
1416 2965 1546 3007 DCB
1685 2966 1729 3006 in
1762 2966 1894 3007 caelis
1927 2979 2006 3006 om.
2039 2965 2087 3006 F

291 3037 430 3077 caelos
464 3037 623 3078 eIKM
752 3038 804 3079 15
838 3037 1054 3091 audierat]
1089 3037 1345 3078 ascenderat
1374 3037 1423 3078 F
1546 3037 1598 3077 16
1629 3037 1749 3077 illam
1771 3070 1778 3078 .
1800 3037 2017 3078 ‚locutam
2049 3036 2086 3077 S

291 3120 383 3148 esse
416 3120 497 3149 om.
522 3107 652 3148 DCB
799 3109 946 3163 arguit
982 3110 1072 3161 CB,
1105 3108 1251 3162 arguit
1283 3121 1355 3148 eos
1377 3121 1405 3161 9
1525 3108 1574 3148 17
1609 3108 1742 3148 alium
1774 3107 1817 3148 in
1852 3107 2079 3160 euangelio

233 3191 315 3219 om.
345 3179 383 3219 Τ
471 3178 636 3233 dicunt]
671 3179 720 3219 dr
755 3179 802 3220 F
870 3181 920 3220 18
953 3180 1145 3221 locutum
1178 3192 1271 3220 esse
1305 3179 1456 3219 dicunt
1492 3179 1532 3219 Τ
1618 3192 1740 3219 cum.
1762 3179 1990 3220 ..locutus
2022 3178 2080 3218 sit

234 3262 315 3290 om.
353 3249 391 3289 T
483 3250 655 3291 locutus
687 3251 746 3291 sit
781 3251 871 3296 CB,
905 3250 963 3292 sit
992 3251 1165 3291 locutus
1196 3251 1237 3299 I,
1270 3250 1329 3290 sit
1358 3250 1402 3290 in
1435 3264 1497 3302 pr.
1529 3249 1700 3290 locutus
1732 3251 1778 3302 S,
1812 3249 1981 3290 locutus
2016 3251 2082 3289 est

234 3323 309 3360 cet.
401 3320 452 3361 19
477 3324 583 3373 post
612 3320 797 3374 populus
831 3321 934 3363 add.
969 3322 1042 3374 qui
1074 3321 1110 3362 S
1196 3320 1251 3362 20
1283 3319 1553 3373 aedificatus]
1587 3319 1861 3373 praedicatus
1903 3319 1942 3360 T
