2470 3718
162 1141 204 1172 10

163 1567 203 1599 15

663 199 926 240 Recensio
959 199 1268 252 Hieronymi
1300 199 1359 239 XI
1390 198 1557 239 5—X11
1595 201 1629 240 1.
1978 203 2075 250 105

235 357 379 421 sequi
406 358 604 419 oportet
622 355 969 419 propheticam
989 354 1412 419 praedicationem
1432 358 1481 404 et
1498 355 1810 420 intellegere,
1840 355 2074 419 quoniam

234 443 443 506 spiritus
485 457 539 491 ex
578 443 718 505 parte
757 440 1014 504 praedicat
1053 442 1103 488 et
1140 442 1505 504 praeposterat,
1541 442 1590 489 et
1623 456 1736 489 cum
1779 455 2076 504 praecucur-

234 528 356 577 rerit
392 542 556 590 usque
596 526 658 576 ad
696 526 1053 584 nouissimum,
1094 540 1269 574 rursus
1308 527 1537 588 tempora
1577 526 1837 590 superiora
1874 526 2075 590 repetit.

234 615 284 662 et
323 612 558 676 quoniam
601 611 736 675 quod
767 610 995 660 facturus
1029 612 1105 659 est
1146 611 1319 670 semel,
1355 610 1659 674 aliquotiens
1702 611 1847 674 quasi
1885 611 2077 660 factum

235 697 459 747 ostendit
488 727 544 732 —
577 697 710 761 quod
736 696 832 745 nisi
856 696 1126 761 intellegas
1152 695 1457 760 aliquotiens
1482 696 1744 761 <dictum>‚
1763 712 1860 746 non
1888 696 2078 759 aliquo-

233 783 364 832 tiens
404 783 652 843 futurum‚
691 783 740 830 in
782 781 956 847 grandi
997 781 1214 846 caligine
1245 781 1437 830 incides
1463 810 1548 842 —,
1577 797 1694 847 ergo
1726 782 2077 844 interpretatio

235 868 558 933 sequentium
606 868 856 918 dictorum
907 882 963 916 ea
1010 867 1329 927 monstrabit,
1377 870 1435 916 ut
1481 883 1577 917 non
1625 867 1796 916 ordine
1842 867 2077 916 lectionis

234 955 322 1004 sed
363 955 573 1004 rationis
612 953 987 1019 intellegantur.

302 1040 614 1105 Apertum
650 1042 749 1089 est
780 1040 1095 1102 templum
1129 1038 1229 1088 dei
1264 1039 1431 1103 quod
1465 1041 1565 1088 est
1595 1038 1655 1087 in
1692 1040 1894 1088 caelo:
1923 1037 2075 1104 [tem-

233 1128 374 1190 plum
422 1124 681 1190 apertum]
730 1124 976 1188 apparitio
1035 1126 1112 1174 est
1166 1124 1355 1173 domini
1412 1124 1587 1173 nostri.
1642 1125 1890 1187 templum
1947 1123 2078 1172 enim

234 1212 314 1261 dei
359 1210 495 1259 filius
544 1210 651 1259 eius
701 1212 793 1269 est,
837 1209 1119 1272 sicutipse
1170 1210 1260 1258 ait:
1310 1210 1559 1259 soluite
1607 1209 1917 1273 templum
1964 1210 2079 1258 hoc

236 1299 295 1345 et
333 1297 392 1345 in
431 1296 647 1346 tribus
689 1295 918 1344 diebus
961 1294 1303 1344 suscitabo
1344 1294 1539 1346 illud:
1583 1297 1634 1344 et
1674 1294 1960 1344 dicentibus
1992 1295 2074 1343 Iu-

235 1382 364 1431 deis:
428 1381 867 1446 quadraginta
932 1384 992 1430 et
1055 1396 1158 1430 sex
1223 1380 1405 1430 annis
1476 1380 1910 1430 aedificatum
1981 1381 2080 1428 est

233 1467 545 1531 templum
583 1466 782 1526 istud,
824 1466 895 1514 ait
934 1465 1271 1530 euangelista:
1310 1465 1429 1514 ille
1471 1465 1750 1525 dicebat,
1790 1464 1973 1528 inquit,
2009 1464 2078 1513 de

235 1553 481 1616 templo
530 1551 826 1616 corporis
875 1551 989 1600 sui.
1027 1552 1099 1613 [et
1144 1551 1262 1599 uisa
1300 1554 1369 1600 est
1406 1567 1531 1600 arca
1569 1551 1849 1600 testamenti
1888 1548 2082 1598 domim

233 1638 290 1685 in
330 1636 513 1700 templo
550 1637 702 1700 eius]
741 1652 886 1686 arca
932 1636 1346 1686 testamenti:
1391 1635 1642 1702 euangelii
1681 1635 1989 1700 praedicatio
2032 1637 2082 1683 et

234 1722 555 1788 indulgentia
600 1723 903 1772 delictorum
951 1725 1000 1771 et
1040 1722 1206 1771 omnia
1245 1721 1374 1771 bona
1414 1737 1539 1786 quae
1580 1736 1695 1771 cum
1736 1721 1824 1770 illo
1867 1719 2078 1769 adueneff

234 1808 350 1868 rint,
391 1808 480 1857 illa
519 1808 642 1857 dicit
681 1808 993 1873 apparuisse.

1031 1959 1155 2001 CAP.
1186 1959 1284 2000 XII.

307 2062 407 2126 [Et
451 2064 655 2126 si9num
698 2061 895 2126 9rande
933 2063 1102 2110 uisum
1141 2064 1209 2110 est
1249 2061 1303 2109 in
1342 2061 1502 2110 caelo:
1539 2060 1722 2109 mulier
1760 2061 1946 2110 amicta
1983 2059 2082 2109 sole

237 2153 279 2198 et
319 2148 443 2197 luna
479 2149 567 2198 sub
591 2147 807 2210 pedibus
845 2148 966 2207 eius,
1010 2150 1053 2196 ct
1084 2163 1236 2210 snper
1274 2150 1422 2209 caput
1460 2147 1568 2195 eius
1606 2162 1790 2196 corona
1826 2145 2084 2195 stellarum

386 2302 431 2342 ll
468 2302 562 2343 Ioh.
593 2303 634 2349 2,
669 2302 833 2343 19—21

296 2402 315 2441 1
350 2401 623 2454 prophetiam
647 2400 695 2441 D
755 2402 779 2441 2
806 2413 853 2440 ex
884 2403 1006 2453 parte
1032 2399 1210 2452 DCBS,
1238 2413 1285 2440 ex
1310 2401 1434 2453 parte
1460 2412 1505 2440 se
1537 2399 1585 2451 T,
1610 2412 1657 2439 ex
1683 2401 1805 2451 patre
1824 2411 1852 2450 9
1938 2399 2080 2452 parte]

238 2475 282 2513 et
313 2471 418 2513 add.
451 2471 487 2512 S
573 2472 862 2525 praecurrerit
885 2471 921 2511 S
975 2472 1004 2511 4
1029 2470 1232 2524 quoniam
1258 2483 1338 2511 om.
1361 2484 1388 2524 9
1449 2472 1473 2511 5
1507 2470 1769 2523 aliquotiens
1789 2502 1797 2510 .
1818 2501 1826 2510 .
1846 2502 1854 2509 .
1872 2469 2081 2522 futurum]

238 2544 472 2598 aliquoties
505 2545 553 2583 ut
582 2542 747 2584 factum
781 2542 1015 2595 aliquoties
1046 2543 1096 2582 ut
1127 2541 1317 2582 futurum
1350 2555 1395 2594 69
1514 2541 1676 2581 dictum
1712 2540 1872 2581 addidi
1981 2541 2082 2593 non]

235 2629 351 2656 nunc
369 2614 405 2656 S
461 2615 485 2655 6
509 2614 724 2656 facturum
741 2613 777 2654 S
861 2614 906 2654 in
924 2613 1130 2667 grandem
1148 2613 1379 2666 caliginem
1394 2626 1422 2666 9
1510 2610 1695 2666 incides]
1720 2611 1918 2652 inuenies
1934 2611 1994 2660 D,
2019 2612 2082 2651 in-

237 2686 424 2728 uenieris
452 2686 530 2727 CB
598 2687 620 2727 7
648 2685 876 2739 dictorum]
905 2685 1009 2726 add.
1032 2685 1075 2725 in
1107 2683 1182 2724 TS
1267 2683 1533 2725 monstrabit
1554 2682 1698 2735 DOR,
1722 2682 1986 2723 monstrauit
2014 2682 2088 2723 TS

296 2757 445 2798 ordine
461 2755 508 2811 Υ,
527 2756 630 2798 ordo
649 2755 685 2798 S
742 2757 767 2797 8
785 2756 1072 2810 intellegatur
1084 2754 1144 2809 1⁸9
1203 2755 1227 2795 9
1247 2760 1351 2796 ante
1367 2756 1563 2809 apertum
1583 2754 1686 2795 add.
1706 2757 1750 2795 et
1766 2753 1802 2795 S
1872 2754 2082 2808 templum

238 2831 434 2883 apertum
462 2828 565 2872 add.
591 2828 628 2869 X
691 2828 743 2869 10
766 2828 979 2881 apparitio
1011 2827 1181 2880 scripsi,
1215 2827 1382 2880 apertio
1406 2824 1454 2875 T,
1486 2824 1784 2866 manifestatio
1811 2825 1846 2865 X
1909 2825 1957 2866 11
1992 2825 2082 2865 eius

238 2913 320 2941 om.
349 2899 437 2940 DX
556 2899 607 2939 12
639 2899 780 2940 tribus
813 2898 982 2952 diebus]
1017 2898 1161 2939 triduo
1194 2897 1333 2938 IKM
1473 2896 1668 2939 excitabo
1708 2896 1785 2937 OB
1912 2896 1963 2937 13
1996 2897 2084 2948 sex]

238 2972 404 3024 septem
437 2970 476 3010 T
534 2970 587 3010 14
611 2969 745 3023 istud]
769 2970 852 3011 hoc
875 2970 927 3010 H
1014 2970 1075 3010 ait
1098 2982 1179 3012 om.
1210 2968 1289 3010 OB
1377 2968 1468 3022 ille]
1503 2967 1608 3008 add.
1633 2969 1777 3008 autem
1804 2966 1935 3007 HIK
2017 2967 2082 3006 in-

240 3043 336 3095 quit
365 3054 448 3083 om.
479 3041 612 3082 HJK
670 3041 722 3082 15
757 3044 800 3082 et
819 3071 856 3083 ..
875 3041 965 3082 eius
1000 3041 1102 3082 add.
1135 3041 1172 3081 X
1262 3053 1360 3082 arca
1390 3042 1493 3081 test.
1525 3052 1604 3080 om.
1628 3039 1664 3079 X
1728 3038 1779 3079 16
1811 3037 2082 3090 testamenti]

241 3114 285 3153 et
317 3111 420 3153 add.
451 3111 498 3152 F
611 3111 977 3166 praedicationem
1010 3112 1057 3164 I,
1087 3125 1156 3152 -es
1187 3111 1238 3151 K
1326 3112 1374 3152 17
1408 3110 1728 3163 indulgentiam
1759 3108 1838 3149 IK
1951 3108 2082 3160 bona]

240 3184 353 3225 dona
382 3182 604 3224 HIKMS
690 3195 985 3236 quaecumque
1017 3182 1054 3224 S
1140 3181 1396 3222 aduenerint
1426 3179 1473 3234 T,
1507 3180 1778 3221 aduenerant
1801 3179 1837 3219 X
1900 3180 1951 3220 18
1982 3191 2082 3232 ape-

239 3255 378 3295 ruisse
408 3251 620 3294 FHIKS
733 3253 788 3294 20
821 3254 875 3294 Et
907 3254 1078 3306 signum
1099 3285 1107 3293 .
1126 3285 1135 3293 .
1154 3266 1202 3305 p.
1218 3255 1322 3302 107,
1342 3254 1373 3293 2
1394 3251 1538 3306 pariat
1570 3251 1672 3292 add.
1704 3250 1742 3290 X
1859 3249 2082 3290 mulierem

241 3324 442 3366 amictam
465 3322 602 3365 FMS
658 3323 709 3364 21
743 3323 822 3365 sub
856 3322 998 3376 capite
1019 3322 1075 3376 F,
1106 3323 1151 3363 in
1183 3322 1326 3376 capite
1345 3336 1372 3376 9
1461 3322 1552 3363 eius
1577 3333 1658 3362 om.
1683 3321 1715 3360 Ι
1801 3331 1976 3361 coronas
2001 3317 2088 3358 HS

2111 1042 2176 1091 11,
2212 1041 2263 1082 19

2117 1548 2181 1599 11,
2216 1546 2268 1587 19

2118 2061 2183 2113 12,
2211 2061 2245 2101 1.
2271 2059 2297 2099 2
