2470 3718
316 218 467 269 XXII
960 233 1435 288 Prolegomena
1479 234 1572 277 13.

316 399 543 463 Hilarii,
610 399 886 464 Victorini,
943 401 1327 452 Fortunatiani
1381 403 1646 469 opuscula,
1703 420 1727 453 e
1779 404 1967 471 quibus
2020 406 2230 456 etiamsi

308 504 490 554 parua
531 505 812 555 carperem,
857 488 1076 558 cliynum
1124 491 1332 558 aliquid
1377 492 1630 542 memoria
1677 493 1987 543 scriberetur
2035 488 2229 558 (XXVI

318 572 386 621 20
414 569 509 640 M),
542 573 823 638 praecipue
851 576 1026 625 autem
1055 590 1112 625 ex
1139 574 1496 627 translationis
1529 575 1861 627 homiliarum
1889 578 1957 628 39
1986 575 2228 645 Origenis

317 659 367 709 in
427 661 760 727 euangelium
816 662 986 714 Lucae
1042 663 1282 730 prologo:
1340 666 1624 718 Praeterea
1678 670 2074 720 commentarios
2119 672 2228 721 uiri

316 753 725 820 eloquentissimi
787 754 999 806 Hilarii
1052 760 1099 806 et
1154 756 1288 807 beati
1341 758 1601 824 martyris
1662 757 1939 823 Victorini,
1996 775 2121 826 quos
2170 760 2227 809 in

317 839 646 892 Matthaeum
679 843 888 894 diuerso
928 861 1175 909 sermone,
1210 845 1299 896 sed
1330 861 1440 895 una
1468 847 1648 913 qratia
1683 847 1906 913 spiritns
1936 846 2228 908 ediderunt,

310 934 431 996 post
453 947 653 997 paucos
684 932 795 982 dies
827 932 898 982 acl
929 950 1022 983 ‘eicos
1059 934 1263 984 mittere
1296 934 1548 1001 disposui,
1585 951 1646 985 ne
1677 935 1941 1003 iynoretis,
1975 940 2228 1002 quantmn

319 1019 515 1070 nostris
570 1036 768 1087 quoque
821 1020 1119 1072 hominibus
1168 1027 1475 1075 sanctarum
1522 1024 1913 1090 scripturarum
1969 1024 2231 1091 quondam

319 1107 554 1158 studium
579 1108 763 1174 fuerit
801 1102 1000 1173 (XXVI
1040 1107 1145 1157 220
1186 1105 1279 1175 M).

393 1192 473 1243 Ad
504 1192 761 1245 Victorini
795 1195 1229 1245 commentarium
1265 1195 1314 1245 in
1351 1195 1679 1247 Matthaenm
1712 1197 1970 1262 pertinere
2004 1196 2231 1258 uidetur,

318 1281 458 1347 quod
489 1281 840 1348 Hieronymus
873 1282 925 1333 in
959 1283 1080 1334 libri
1106 1282 1167 1334 de
1193 1287 1443 1350 perpetua
1475 1274 1780 1352 uirginitate
1812 1285 1997 1336 beatae
2031 1285 2228 1336 Mariae

318 1369 571 1421 aduersus
603 1370 914 1421 Heluidium
944 1387 986 1424 c.
1017 1373 1081 1422 17
1110 1371 1350 1423 adfirmat
1376 1373 1551 1425 dicens
1577 1373 1904 1438 Heluidium,
1931 1375 2018 1440 qui
2045 1374 2230 1424 fratres

322 1458 442 1509 Iesu
497 1456 712 1526 (Matth.
743 1460 828 1522 13,
883 1457 977 1528 55)
1032 1460 1228 1512 Mariae
1285 1460 1420 1513 filios
1478 1477 1752 1529 germanos
1806 1462 2111 1529 appellauit,
2169 1462 2229 1511 ad

319 1547 634 1598 sententiam
668 1547 1044 1599 defendendam
1079 1552 1139 1600 ut
1180 1549 1492 1602 Tertulliani
1523 1550 1596 1601 ita
1629 1551 1887 1602 Victorini
1921 1551 2232 1602 auctoritate

320 1651 476 1686 usum
526 1651 664 1687 esse:
719 1640 1113 1692 Tertullianmn
1158 1644 1217 1693 in
1266 1644 1622 1694 testimonium
1668 1649 1819 1695 uocat
1866 1648 1913 1694 et
1969 1644 2232 1695 Victorini

319 1726 722 1781 Petauionensis
753 1731 982 1797 episcopi
1006 1731 1165 1784 uerba
1190 1733 1458 1799 proponit.
1493 1733 1627 1784 etde
1660 1733 1990 1784 Tertulliano
2024 1733 2228 1801 quictem

321 1817 458 1867 nihil
504 1818 738 1885 amplius
785 1818 913 1884 dioc,
968 1837 1127 1887 quam
1173 1821 1410 1871 ecclesiae
1457 1821 1718 1872 hominem
1769 1838 1870 1872 non
1907 1822 2119 1887 fuisse;
2173 1822 2233 1872 de

329 1905 596 1957 Victorino
630 1924 752 1957 uero
791 1907 851 1957 iol
889 1908 1089 1973 aolser0,
1133 1910 1268 1977 quod
1307 1915 1354 1960 et
1386 1910 1447 1961 cte
1479 1910 1832 1978 euanyelisti&
1861 1910 2077 1976 fratres
2116 1927 2232 1960 eum

321 1993 517 2045 dixisse
557 1994 774 2060 domini,
817 2013 919 2047 non
947 1998 1098 2061 filios
1143 1998 1355 2049 Mariae
1395 2025 1466 2029 ——
1499 1999 1715 2065 fratres
1753 2005 1928 2050 autem
1967 2017 2021 2049 co
2062 2016 2230 2062 sensu,

322 2100 471 2151 quem
511 2085 754 2151 superius
796 2088 1146 2153 exposuimus,
1188 2088 1603 2155 propinquitate,
1654 2106 1757 2139 non
1795 2092 1993 2139 natura
2032 2082 2234 2151 (XXIII

323 2170 427 2219 201
457 2168 551 2238 M),
595 2168 655 2220 de
697 2185 799 2236 qua
840 2171 1145 2235 quaestione
1180 2171 1271 2222 Th.
1298 2171 1438 2222 Zahn
1464 2171 1514 2222 in
1540 2172 1698 2224 libro:
1742 2176 2111 2244 Forscliunyen
2135 2193 2235 2226 zur

328 2260 626 2313 Gesclzichte
666 2263 754 2313 des
794 2268 1008 2315 neutest.
1034 2264 1274 2329 Kanons,
1316 2260 1420 2313 uol.
1455 2261 1504 2325 6,
1547 2261 1805 2327 imprimis
1845 2278 1895 2327 p.
1921 2261 2231 2324 316—320,

319 2347 615 2398 luculenter
652 2347 965 2413 disputauit.
1027 2349 1079 2400 in
1120 2349 1493 2400 commentario
1550 2350 1601 2401 in
1656 2350 2012 2417 apocalypsim
2056 2352 2232 2401 antem

323 2436 563 2501 quotiens
627 2436 932 2489 Victorinus
996 2438 1326 2489 Matthaeum
1384 2438 1768 2506 euangelistam
1822 2438 2127 2506 respexerit,
2177 2454 2235 2489 ex

320 2524 509 2577 indicis
549 2541 667 2595 pag.
699 2526 801 2577 156
846 2526 1191 2593 conspicuum
1234 2529 1337 2588 est3
1405 2542 1537 2593 quae
1580 2527 1753 2578 omnia
1794 2542 1914 2579 cum
1957 2527 2234 2596 expositio·

321 2613 477 2665 nibus
520 2614 882 2666 commentarii
919 2615 971 2666 in
1013 2615 1344 2667 Matthaeum
1402 2631 1630 2667 consona
1685 2632 1800 2668 esse
1850 2616 1968 2682 quis
2017 2618 2100 2668 est
2146 2616 2234 2683 qui

324 2717 512 2769 negare
553 2703 757 2769 possit?

397 2790 599 2853 Restat,
651 2794 713 2843 ut
761 2791 880 2844 miri
932 2792 1207 2845 cuiusdam
1258 2793 1540 2861 fragmenti
1589 2793 1907 2845 mentionem
1961 2793 2233 2853 faciamuS‚

323 2879 464 2946 quod
503 2880 745 2946 quoniam
781 2897 838 2932 ex
873 2881 1281 2933 ccommentariis
1315 2881 1589 2933 Victorini’
1628 2882 1995 2948 depromptum
2035 2881 2235 2932 induci-

323 2970 426 3030 tur,
469 2969 841 3021 commentario
881 2969 934 3020 in
973 2970 1304 3021 Mattliaeum
1351 2970 1742 3022 attribuendum
1784 2986 1898 3022 esse
1940 2986 2234 3021 censemus,

327 3058 495 3108 exstat
542 3059 714 3108 autem
763 3058 815 3108 in
865 3058 977 3109 cod.
1003 3058 1289 3110 Bobbiensi
1341 3058 1407 3109 70
1456 3058 1554 3110 Lit.
1583 3057 1615 3110 S
1664 3056 1824 3126 (nunc
1870 3058 1935 3110 H.
1966 3059 2070 3109 150
2109 3057 2235 3125 lnf.)

325 3146 452 3199 bibl.
479 3145 855 3199 Ambrosianae
881 3147 1290 3199 Mediolanensis
1325 3163 1458 3199 saec.
1480 3147 1554 3197 IX
1572 3145 1685 3215 (fol.
1714 3147 1874 3208 1372',
1901 3169 1972 3191 Ξ
1996 3146 2079 3216 Α)
2106 3149 2158 3198 et
2181 3147 2232 3197 in

329 3235 443 3288 cod.
468 3234 609 3287 1473
636 3234 761 3286 bibl.
779 3234 1146 3288 uniuersitatis
1165 3235 1452 3288 Patauinae
1479 3251 1610 3288 saec.
1629 3235 1724 3286 XV
1742 3234 1856 3304 (fol.
1880 3236 2035 3299 164²),
2051 3235 2233 3304 =P).

329 3340 388 3374 ex
418 3323 510 3375 illo
544 3323 642 3375 hoc
674 3322 1027 3391 fragmentum
1070 3324 1235 3376 edidit
1273 3324 1404 3375 Lud.
1440 3323 1559 3375 Ant.
1584 3323 1906 3376 Muratorius
1948 3326 2232 3390 (Anecdota

330 3433 461 3484 quae
492 3432 552 3467 ea:
576 3415 959 3468 Ambrosianae
984 3417 1312 3468 bibliothecae
1344 3417 1603 3468 codicibus
1643 3433 1781 3468 nunc
1803 3410 2048 3485 primum
2078 3417 2231 3479 eruit,

330 3501 541 3553 Patauii
570 3501 728 3565 1713,
755 3503 882 3553 tom.
907 3501 985 3552 ΠΙ
1009 3518 1056 3567 p.
1081 3502 1370 3553 111-209
1391 3506 1549 3557 Liber
1574 3505 1634 3557 de
1658 3510 1913 3574 compium
1958 3517 2007 3567 p.
2030 3501 2134 3553 207
2157 3516 2233 3565 sq.
