2470 3718
871 202 1460 256 ProlegomenaIl.
2018 189 2089 238 IX

238 366 374 413 sunt.
405 362 504 412 huc
538 361 748 422 accedit,
776 360 911 424 quod
942 360 1283 424 Hieronymus
1315 361 1442 424 ipse,
1469 362 1527 409 ut
1563 359 1807 410 Victorini
1839 375 2090 410 commen-

237 448 423 498 tarium
450 448 725 512 suppleret,
751 446 993 496 nonnulla
1024 446 1084 496 ab
1111 446 1392 510 Hippolyto
1425 448 1696 495 mutuatus
1731 448 1809 496 est
1841 446 1925 508 (cf.
1951 463 1995 510 p.
2025 447 2088 496 78

237 538 290 584 et
331 535 434 596 79).
474 532 752 597 principem
786 534 956 582 autem
989 532 1159 581 locum
1190 532 1321 581 inter
1354 546 1456 591 eOS,
1492 547 1617 596 quos
1652 532 1946 581 Victorinus
1978 533 2090 581 imi-

235 622 376 669 tatus
410 622 503 681 est,
546 618 813 684 Origenem
850 618 1133 667 obtinuisse
1165 618 1508 682 Hieronymus
1543 618 1746 682 saepius
1782 618 2090 676 adfirmauit,

238 706 289 755 id
330 705 463 769 quod
502 705 581 755 his
624 705 845 768 quinque
886 704 1196 753 testimoniis
1236 704 1530 767 probamus:
1576 705 1626 766 1)
1660 704 2002 767 Hieronymus
2041 704 2090 752 in

235 792 388 855 epist.
418 791 500 850 61,
543 792 590 854 2,
632 793 902 854 postquam
952 790 1012 838 de
1058 788 1272 849 Hilario,
1324 788 1557 854 Origenis
1606 789 1875 852 interprete
1914 789 2089 840 latino.

235 877 480 926 disseruit
527 879 577 926 et
624 876 683 925 de
732 876 951 925 Eusebio
1000 875 1328 934 Vercellensi,
1383 890 1535 939 quem
1582 875 1836 924 haeretica
1874 878 2089 939 praeter-

234 964 525 1012 mittentem
567 963 757 1025 optima
798 977 1026 1026 quaeque
1066 962 1394 1011 transtulisse
1429 961 1570 1022 dicit,
1611 961 1800 1027 pergit:
1843 964 2001 1014 Taceo
2034 965 2091 1014 de

247 1053 504 1102 Victorino
549 1051 912 1102 Petauionensi
965 1056 1010 1100 et
1063 1053 1252 1114 ceteris,
1303 1052 1389 1118 qui
1443 1051 1711 1117 Oriyenem
1755 1052 1812 1100 in
1850 1052 2091 1116 explana-

235 1140 369 1188 tione
392 1139 662 1187 dumtaxat
694 1139 1075 1202 seripturarum
1106 1139 1260 1187 secuti
1286 1141 1403 1186 sunt
1435 1142 1480 1186 et
1503 1141 1873 1202 expresserunt,
1901 1153 1961 1186 ne
1993 1154 2087 1186 non

235 1230 343 1273 tam
374 1241 451 1273 me
483 1223 750 1287 defendere
782 1239 935 1289 quam
975 1224 1131 1272 socios
1168 1224 1403 1272 criminis
1434 1224 1616 1272 uidear
1649 1239 1900 1289 quaerere.
1941 1223 2010 1272 ad
2049 1228 2092 1271 te

236 1312 408 1374 ipsum
432 1306 569 1371 (scil.
597 1303 962 1372 Vigilantium)
994 1310 1201 1358 ueniam
1234 1303 1420 1367 (CSEL
1448 1307 1529 1365 54,
1564 1306 1705 1367 577).
1742 1334 1806 1340 ——
1836 1306 1888 1367 2)
1926 1303 2092 1354 Simili

237 1392 385 1441 modo
417 1392 467 1440 in
501 1391 648 1456 epist.
676 1392 759 1448 84,
789 1392 814 1439 7
852 1390 910 1439 de
944 1391 1148 1454 negotio
1181 1390 1467 1454 periculoso
1500 1391 1758 1454 uariisque
1792 1390 2090 1440 criminibus

234 1478 466 1538 obnoxio,
495 1477 628 1541 quod
661 1477 709 1525 in
746 1476 979 1541 Origenis
1011 1476 1154 1525 libris
1188 1477 1341 1525 latine
1374 1475 1633 1525 uertendis
1670 1475 1959 1539 suscepisse
1994 1475 2089 1525 sibi

233 1563 470 1613 conscius
513 1568 632 1621 erat,
675 1562 796 1612 haec
845 1563 1070 1625 scripsit:
1135 1567 1263 1628 Quis
1301 1566 1613 1616 Latinorum
1652 1582 1896 1631 umquam
1934 1582 2093 1615 ausus

231 1658 306 1702 est
331 1654 620 1718 transferre
638 1653 790 1702 libros
814 1653 922 1701 eius
939 1652 997 1701 de
1013 1654 1391 1715 resurreetione,
1411 1646 1532 1713 περὶ
1559 1649 1742 1712 ἀρχῶν,
1761 1655 2092 1701 stromateas?

237 1741 351 1805 quis
376 1756 471 1804 per
504 1738 700 1802 infame
732 1754 857 1803 opus
889 1755 937 1787 se
967 1740 1138 1803 ipsum
1172 1739 1335 1787 uoluit
1366 1738 1660 1801 infamari?
1692 1754 1777 1786 nee
1802 1737 2093 1786 disertiores

237 1842 412 1875 sumus
450 1826 661 1875 Hilario
701 1841 785 1874 nee
811 1824 1074 1888 fideliores
1114 1824 1388 1887 Victorino,
1431 1825 1518 1889 (lui
1558 1828 1807 1873 tractatus
1845 1825 1954 1873 eius
1993 1840 2090 1872 non

238 1916 291 1960 ut
315 1913 628 1977 interpretes,
656 1912 741 1960 sed
766 1915 820 1958 ut
845 1915 1072 1959 auctores
1090 1912 1297 1975 proprii
1322 1911 1488 1975 operis
1514 1910 1902 1959 transtulerunt.
1931 1926 2092 1974 nuper

236 1997 539 2047 Ambrosius
570 1999 639 2046 sie
672 1997 987 2064 Ea‘aemeron
1018 1998 1163 2045 illius
1194 1997 1490 2062 conpilauit,
1533 2000 1588 2044 ut
1625 1997 1787 2059 niayis
1818 1995 2091 2061 Hippolyti

233 2084 511 2132 sententias
535 2083 823 2148 Basiliique
848 2077 1339 2148 sequereturOESEL
1361 2080 1444 2138 55,
1467 2076 1603 2143 130).
1623 2108 1691 2112 —
1712 2080 1764 2140 3)
1787 2078 1837 2126 Iu
1860 2078 2090 2143 apologia

235 2166 533 2229 Hieronymi
560 2165 674 2214 adu.
702 2166 859 2214 libros
880 2164 1047 2214 Rufini
1074 2165 1195 2214 haec
1215 2165 1435 2230 legimus
1465 2165 1506 2224 (I
1533 2166 1562 2212 2
1583 2186 1650 2207 :z
1669 2164 1841 2212 XXIII
1860 2164 1962 2213 399
1988 2163 2090 2230 Ml:

235 2252 514 2319 (Rufinus)
547 2255 724 2304 habuit
755 2257 809 2304 in
839 2259 1080 2320 promptu
1120 2255 1396 2304 Hilarium
1429 2255 1765 2318 confessorem
1793 2294 1803 2303 .
1832 2294 1842 2303 .
1871 2294 1880 2303 .
1914 2254 2091 2303 habuit

234 2342 562 2391 Ambrosium
610 2378 661 2387 ..
698 2377 707 2386 .
753 2346 797 2390 el
842 2345 1123 2406 martyrem
1178 2341 1514 2404 Victorinum,
1580 2342 1667 2406 qui
1714 2342 2092 2405 simplieitatem-

236 2444 384 2476 suam
421 2429 477 2476 in
509 2444 561 2476 eo
586 2428 785 2493 probat,
819 2427 942 2476 dum
983 2428 1114 2476 nulli
1145 2428 1355 2476 molitur
1388 2428 1628 2476 insidias.
1662 2426 1720 2475 de
1751 2426 1831 2476 leis
1862 2427 2093 2476 omnibus

235 2517 377 2576 tricet,
426 2517 471 2561 et
510 2515 658 2578 quasi
697 2514 944 2562 columnis
992 2513 1222 2562 ecelesiae
1253 2514 1638 2578 praetermissis
1684 2530 1760 2561 me
1800 2513 1962 2561 solum
1992 2529 2091 2578 pu-

233 2599 380 2647 licem
418 2602 463 2647 et
494 2598 646 2647 nihili
685 2599 936 2647 hominem
967 2615 1065 2663 per
1095 2600 1309 2664 anqulos
1340 2603 1667 2648 consectatur.
1703 2623 1767 2629 -
1803 2596 1856 2656 4)
1895 2594 2091 2644 Ibidem

234 2680 311 2729 III
347 2681 410 2729 14
442 2682 542 2744 (---
574 2680 754 2729 XXIII
788 2681 888 2729 467
923 2680 1016 2743 M):
1058 2684 1163 2750 Eyo
1204 2701 1302 2733 non
1341 2685 1596 2748 accusaui,
1631 2698 1788 2750 [litare
1825 2683 2092 2750 Oriyenem

228 2787 326 2835 pro
372 2771 633 2820 uoluntate
679 2771 1032 2820 transtuleris:
1077 2770 1165 2819 lioc
1209 2771 1345 2819 enim
1383 2774 1428 2819 et
1474 2771 1581 2835 ipse
1613 2770 1727 2834 feei
1765 2774 1810 2820 et
1855 2774 1971 2819 ante
2015 2788 2092 2819 me

243 2856 552 2918 Victorinus,
586 2856 831 2906 Hilarius
862 2856 1260 2922 Ambrosiusque
1277 2856 1547 2920 fecerunt;
1607 2857 1693 2906 sed
1732 2873 1887 2922 quare
1926 2860 2091 2905 trans-

234 2942 474 2990 lationem
511 2942 817 2991 haereticam
872 2937 1147 3004 (librorum
1186 2939 1298 3004 περὶ
1339 2937 1533 3005 ἀρχῶν)
1573 2942 1926 3007 praefationis
1980 2946 2094 2990 tuae

234 3028 517 3077 testimonio
540 3028 823 3078 roborasti?
847 3054 915 3059 —-
943 3026 993 3087 5>
1011 3025 1064 3074 In
1095 3024 1457 3074 commentario
1483 3025 1532 3073 in
1552 3024 1896 3093 Ecclesiasten
1916 3023 2090 3072 Hiero—

237 3124 420 3173 nymus
451 3109 514 3158 ad
546 3124 653 3174 cap.
681 3111 729 3171 4,
760 3112 822 3160 13
864 3110 1232 3175 expositionem
1266 3111 1388 3159 haec
1423 3109 1804 3159 animaduertit:
1853 3113 2093 3179 Oriqenes

235 3198 609 3248 ethictorinus
639 3216 738 3249 non
769 3201 991 3249 multum
1021 3201 1156 3250 inter
1188 3217 1238 3250 se
1270 3200 1476 3250 diuersa
1509 3204 1774 3249 senserunt
1806 3240 1818 3250 .
1849 3238 1858 3249 .
1886 3237 1895 3247 .
1926 3199 2094 3264 Super

238 3284 440 3334 Christo
478 3289 523 3335 et
562 3286 760 3336 diabolo
797 3286 929 3336 hunc
969 3287 1132 3336 locum
1169 3287 1495 3352 interpretati
1533 3290 1667 3350 sunt,
1709 3286 1842 3352 quod
1870 3301 2094 3351 puerum

227 3387 511 3436 pauperem
551 3375 599 3421 et
636 3372 914 3437 sapientem
950 3371 1213 3422 Christum
1246 3373 1408 3422 uelint
1438 3368 1633 3431 (XXIII
1661 3369 1796 3417 1050
1831 3367 1925 3430 M).
