2470 3718
807 217 1068 258 Recensio
1102 215 1411 268 Hieronymi
1443 215 1532 257 XX.
1997 218 2096 266 143

246 377 568 429 credentibus
613 376 782 440 coepit
819 376 1004 439 impios
1045 373 1326 438 possidere„
1366 373 1416 421 in
1453 388 1666 436 quorum
1704 372 1890 422 cotidie
1933 373 2095 422 caecis

243 464 479 514 cordibus
514 465 775 525 tamquam
807 461 853 509 in
897 460 1079 524 abysso
1121 457 1369 523 profundo
1410 458 1640 507 inclusus
1682 462 1773 508 est.
1818 461 1861 507 et
1898 457 2094 516 clausit,
2121 458 2189 511 20,
2215 458 2239 500 3

239 549 422 613 inquit,
470 552 513 598 et
559 546 783 611 signauit
828 561 979 607 super
1025 560 1153 603 eum,
1193 547 1247 592 ut
1291 560 1392 593 nrm
1438 543 1685 592 seduceret
1719 547 1903 608 ¹nentes,
1946 542 2097 592 donee

243 636 493 694 finiantur
539 633 670 681 mille
717 633 858 680 αηηὶ.
907 630 1112 680 ‘clausit
1158 644 1311 694 super
1361 634 1492 678 eum'
1543 628 1736 678 dictum
1786 632 1878 688 est,
1928 629 1979 677 id
2019 631 2097 677 est

194 735 212 767 5
242 719 504 769 interdixit
551 722 702 781 atque
751 716 981 766 cohibuit
1028 716 1087 775 ei,
1136 730 1195 764 ne
1246 714 1457 764 seducat
1505 714 1814 777 pertinentes
1856 714 1916 763 ad
1958 713 2097 763 Chri-

242 808 391 855 stum.
431 803 675 869 ‘signauit
717 805 887 852 autem
930 816 1082 864 super
1115 806 1264 860 eum’‚
1300 799 1418 863 quia
1452 799 1710 848 occultum
1745 802 1837 859 est,
1873 799 1957 862 qui
1990 814 2097 863 per-

240 892 434 941 tineant
474 889 534 938 ad
568 891 760 953 partem
796 887 984 936 diaboli
1018 888 1066 935 et
1101 886 1184 949 qui
1217 885 1279 934 ad
1309 884 1514 936 Christi.
1544 900 1660 933 nam
1695 887 1744 934 et
1777 885 1862 948 qui
1895 885 2097 934 uidetur

240 979 387 1035 stare,
422 974 698 1033 nescimiiS‚
742 973 783 1021 si
817 986 1025 1021 casurus
1062 974 1160 1029 est3
1198 972 1247 1020 et
1280 970 1366 1033 qui
1399 970 1546 1028 iacet,
1584 969 1624 1019 si
1659 972 1907 1034 resurgat,
1941 970 2096 1019 incer-

239 1063 349 1109 tum
377 1062 469 1109 est.
499 1059 634 1123 quod
668 1060 837 1107 autem
871 1057 942 1106 ait
967 1057 1191 1120 ‘Iiyafimn
1223 1059 1371 1118 atque
1403 1054 1672 1113 inclusum,
1698 1059 1751 1103 ut
1774 1070 1874 1104 non
1899 1055 2098 1104 seducat

172 1161 213 1195 10
240 1147 440 1211 gyentes'‚
497 1148 672 1210 gentes
723 1143 991 1193 ecclesiam
1047 1142 1318 1207 significat,
1377 1157 1432 1191 ex
1481 1141 1665 1204 quibus
1719 1142 1831 1204 ipsa
1879 1143 2094 1200 constat,

239 1248 362 1295 quas
397 1231 634 1281 seductas
670 1231 784 1278 ante
817 1229 1036 1279 tenebat.
1071 1227 1523 1290 donccfim'cmtur‚
1556 1226 1738 1290 inquit,
1773 1225 1912 1275 ‘mille
1944 1227 2094 1275 (mm.-
2123 1228 2190 1280 20,
2216 1227 2239 1267 3

242 1318 294 1367 id
335 1320 428 1377 est,
471 1316 604 1380 quod
646 1319 872 1364 remanet
905 1314 964 1363 de
999 1317 1135 1363 sexto
1172 1313 1266 1374 die,
1300 1313 1386 1377 qui
1428 1314 1629 1362 constat
1662 1327 1718 1361 ex
1757 1311 1896 1360 mille
1939 1311 2095 1360 annis.

236 1409 351 1467 post
388 1402 506 1451 hacc
546 1404 735 1464 oporiet
774 1417 882 1450 enm
920 1399 1051 1449 solui
1092 1400 1230 1448 hreni
1270 1402 1500 1460 tempore.
1542 1398 1696 1447 breue
1735 1400 1940 1461 tempus
1980 1398 2096 1446 ‘tres
2123 1399 2189 1450 90,
2216 1400 2240 1440 3

241 1504 394 1539 annos
430 1491 480 1537 et
514 1503 598 1537 sex
639 1493 858 1536 menses'
892 1486 1161 1551 significat,
1197 1485 1383 1548 quibus
1416 1483 1540 1533 totis
1574 1483 1772 1532 uiribus
1807 1483 2096 1531 saeuiturus

172 1595 212 1627 15
246 1574 479 1623 diabolus
532 1573 625 1622 sub
682 1572 994 1622 Antichristo
1052 1571 1297 1620 aduersus
1357 1570 1641 1620 ecclesiam.
1706 1568 1885 1618 deinde
1949 1570 2096 1632 ‘post’

384 1730 408 1770 9
443 1727 494 1769 cf.
520 1726 654 1780 Apoc.
681 1726 748 1775 20,
775 1726 812 1766 2.
839 1727 863 1767 3
954 1725 1006 1766 10
1041 1726 1097 1777 cf.
1122 1724 1422 1778 Aussusti‘num
1446 1738 1494 1776 p.
1526 1725 1619 1764 443
1646 1723 1672 1764 l.
1701 1725 1818 1764 5-7
1839 1728 1878 1764 et
1903 1723 2097 1763 15—-17.·

242 1803 413 1851 gentes,
442 1811 489 1839 ex
512 1797 668 1851 quibas
697 1799 868 1838 constat
893 1796 1088 1848 ecclesia,
1116 1809 1222 1849 quas
1250 1798 1380 1836 antea
1402 1794 1607 1836 seductas
1640 1794 1835 1846 tenebat,
1862 1797 2096 1847 antequam

244 1873 387 1912 esseut
420 1871 603 1911 ecclesia
638 1902 644 1909 .
680 1899 688 1908 .
722 1899 730 1908 .
769 1870 935 1921 gentes,
978 1882 1024 1908 ex
1059 1868 1215 1921 quibus
1257 1867 1585 1920 praedestinata
1625 1869 1798 1907 constat
1837 1865 2032 1918 ecclesia,
2074 1879 2098 1905 a

245 1942 399 1994 quibus
440 1939 699 1981 seducendis
738 1939 815 1979 illo
856 1941 924 1979 est
962 1938 1135 1979 uinculo
1185 1938 1461 1990 claustroque
1501 1936 1762 1990 prohibitus.
1804 1936 1883 1977 7200
1923 1937 2014 1977 Ioco
2061 1941 2099 1976 et

245 2013 542 2065 Auyustmum
575 2017 613 2052 et
645 2010 911 2063 Hieronymi
947 2010 1305 2061 z‘ntmpolatorem
1347 2022 1399 2049 ex
1438 2009 1656 2050 communi
1683 2009 1829 2060 fonte,
1862 2007 1910 2048 izl
1948 2012 2010 2048 est
2048 2020 2099 2048 ex

251 2084 427 2126 Ticom‘z'
466 2083 592 2133 libro,
624 2083 824 2123 hausisse
856 2086 1056 2134 apparet,
1099 2081 1399 2133 Auqustmum
1433 2084 1579 2121 autem
1609 2079 1873 2120 sententiam
1898 2091 1984 2131 pro
2016 2092 2098 2119 sua

236 2160 368 2208 parte
405 2155 649 2197 mutauisse
770 2155 817 2194 11
855 2153 908 2205 cf.
942 2153 1050 2193 ibid.
1085 2153 1110 2192 l.
1150 2154 1313 2193 9—12:
1348 2152 1485 2193 donec
1523 2152 1743 2201 finiantur,
1783 2151 1940 2204 inquit,
1979 2150 2097 2191 mille

244 2228 359 2279 anni,
393 2227 436 2267 id
471 2230 548 2273 est,
584 2228 659 2267 aut
692 2225 806 2279 quod
838 2227 1032 2266 remanet
1065 2223 1115 2264 de
1149 2227 1267 2264 sexto
1303 2223 1385 2273 die,
1421 2224 1492 2277 qui
1525 2226 1695 2264 constat
1729 2236 1775 2263 ex
1807 2222 1927 2263 mille
1960 2222 2095 2270 annis,

244 2300 320 2338 aut
352 2311 500 2338 omnes
535 2297 650 2344 anni,
685 2296 841 2349 quibus
874 2295 1076 2349 deinceps
1109 2295 1190 2335 hoc
1224 2295 1445 2335 saeculum
1478 2294 1776 2348 peragendum
1812 2295 1878 2333 est
1962 2294 2012 2334 13
2046 2293 2098 2333 cf.

244 2369 375 2422 Apoc.
402 2369 469 2420 13,
496 2369 519 2408 5
619 2369 674 2420 cf.
700 2367 1000 2421 Auyustinum
1027 2381 1070 2419 q).
1102 2368 1193 2408 445
1222 2368 1248 2408 l.
1274 2367 1470 2409 1:2-14:
1494 2366 1626 2406 breue
1658 2369 1830 2419 tempus
1865 2364 1967 2413 erit:
2000 2378 2096 2404 nani

243 2439 383 2480 tribus
404 2439 526 2480 annis
547 2441 590 2479 et
609 2452 679 2479 sex
705 2438 924 2478 mensibus
947 2438 1108 2490 legitur
1126 2438 1233 2478 totis
1261 2438 1349 2478 suis
1376 2449 1637 2489 suorumque
1663 2435 1829 2476 uiribus
1856 2435 2098 2475 saeuiturns

304 2556 323 2595 1
368 2554 476 2595 cesis
510 2554 563 2594 H
714 2554 738 2593 2
780 2553 984 2606 abyssum
1023 2553 1091 2605 M,
1132 2553 1278 2606 abyssi
1310 2551 1396 2593 IIS
1542 2551 1671 2591 clusit
1707 2549 1966 2598 FImJKM,
1998 2549 2098 2590 item

243 2625 429 2679 Auyust.
550 2626 574 2667 3
608 2627 656 2666 ut
688 2637 768 2667 om.
802 2624 937 2665 IKM
1052 2625 1255 2666 seducere
1286 2624 1426 2664 IKM
1526 2623 1553 2663 4
1584 2622 1790 2663 finientur
1822 2621 1867 2661 F
1982 2620 2097 2661 clau—

246 2696 311 2736 dit
341 2696 393 2737 H
508 2698 531 2737 5
566 2696 791 2749 prohibuit
820 2695 947 2735 FIK
1077 2696 1114 2735 ei
1146 2709 1229 2736 om.
1262 2695 1350 2735 HS
1475 2695 1498 2734 6
1534 2695 1678 2733 autem
1710 2706 1790 2733 om.
1823 2692 1906 2733 JK
2034 2694 2100 2731 est

245 2780 325 2808 om.
358 2767 405 2806 F
471 2768 491 2807 7
529 2770 573 2807 et
604 2768 711 2820 (pr.)
742 2766 883 2819 FHS‚
916 2770 991 2806 aut
1023 2766 1158 2806 IKM
1245 2765 1425 2820 Christi]
1461 2764 1683 2806 Christum
1716 2764 1899 2811 Beatus,
1933 2766 2099 2816 partem

247 2838 410 2880 Christi
433 2838 485 2877 H
572 2836 748 2879 Christi.
774 2838 887 2890 nam]
915 2837 1197 2878 christianam
1221 2837 1322 2878 FM
1423 2850 1522 2877 nam
1554 2849 1635 2879 om.
1661 2835 1743 2876 IK
1829 2835 2029 2875 uidentur
2054 2833 2098 2885 S,

245 2910 346 2950 item
378 2909 516 2949 casuri
549 2909 649 2958 sint,
682 2910 839 2957 iacent,
865 2911 1048 2962 surgant
1071 2909 1120 2949 in
1140 2921 1318 2949 ‘rzuveero
1343 2908 1523 2960 plurali
1583 2907 1608 2947 8
1636 2907 1716 2960 est]
1745 2907 1802 2946 sit
1825 2905 1920 2947 FK
2007 2905 2096 2957 qui]

248 2981 348 3033 quia
378 2980 430 3019 Η
537 2979 562 3020 9
597 2980 659 3021 ait
691 2993 771 3022 om.
805 2980 941 3020 IKM
1058 2981 1306 3021 conclusum
1339 2979 1391 3020 H
1506 2978 1738 3032 inclusum]
1775 2977 1878 3019 add.
1912 2977 2035 3017 illum
2068 2974 2103 3015 S

250 3051 300 3092 10
333 3053 485 3104 gentes
518 3051 636 3103 (alt.)
669 3063 750 3091 om.
782 3050 865 3091 IK
978 3051 1226 3104 significant
1257 3050 1345 3092 HS
1460 3049 1570 3104 ipsa]
1604 3050 1689 3090 ista
1720 3048 1800 3090 JK
1896 3049 1944 3089 11
1981 3048 2096 3091 antei

247 3143 340 3198 ipse
371 3143 418 3183 H
508 3143 653 3196 inquit
684 3156 765 3184 om.
797 3143 843 3183 F
915 3143 968 3184 12
1001 3144 1212 3196 remanet]
1245 3143 1459 3196 reliquum
1493 3145 1560 3183 est
1588 3155 1616 3195 9
1705 3141 1844 3193 sexto]
1882 3113 1991 3180 ·V⁰11·
2023 3139 2104 3180 IK

305 3213 390 3267 die]
427 3213 531 3254 add.
565 3214 733 3255 scilicet
766 3216 887 3255 sexta
919 3217 1012 3254 etas
1045 3216 1208 3266 (aetate
1237 3215 1281 3267 y)
1315 3226 1425 3267 quae
1458 3212 1494 3254 S
1610 3225 1658 3253 ex
1690 3225 1769 3253 om.
1802 3225 1828 3263 9
1948 3211 2000 3252 13
2033 3222 2097 3250 re-

249 3284 360 3325 solui
383 3284 429 3325 F
542 3286 715 3337 teinpus
747 3284 795 3325 F
899 3284 1031 3325 breue
1064 3287 1236 3337 tempus
1270 3297 1351 3325 om.
1384 3283 1465 3324 IK
1554 3284 1604 3323 14
1636 3283 1736 3323 anni
1767 3282 1849 3322 IK
1961 3281 2096 3334 signi-

249 3356 399 3397 ficatur
430 3354 541 3408 FM,
575 3355 879 3409 significantur
909 3355 992 3396 IK
1105 3355 1369 3407 saeuiturus]
1402 3367 1446 3395 se
1477 3353 1648 3394 ulturus
1681 3354 1747 3395 est
1778 3352 1814 3393 S
