2470 3718
266 659 333 711 92,
369 660 387 700 1

753 217 1206 270 Prolegomena
1252 217 1503 257 HIBIa.
1844 207 2058 255 XXXIX

453 374 598 414 dicam
650 373 910 414 messoribus
947 372 1068 414 colli-

448 458 543 498 9ere
589 445 743 486 lolium
782 449 823 484 et
853 445 1067 497 inionem

449 516 577 565 mitti,
611 515 804 556 triticum
837 519 980 556 autem
1017 516 1066 555 in

450 588 608 629 horrea
637 586 868 627 recondere

452 659 491 711 (Ι
539 658 634 700 Cor.
684 659 749 711 11,
803 659 846 710 5)
909 658 1067 699 mulier

450 744 588 772 orans
652 734 732 771 aut
789 730 1068 782 prophetans

450 815 541 843 non
571 802 722 843 uelato
753 801 897 853 capite

265 874 332 922 92,
370 874 419 914 13
452 875 504 923 (c.
535 873 598 924 10,
627 873 696 926 11)
722 877 889 924 oportet
910 873 1067 912 iterum

442 944 712 997 praedicare
770 944 818 984 in
871 945 1065 996 populis,

451 1016 616 1069 linquis
647 1020 686 1056 et
716 1015 975 1056 nationibus

263 1087 581 1139 98,14(Hier.
632 1088 668 1139 1,
716 1087 759 1139 5)
798 1087 1062 1139 priusquam

450 1163 487 1199 te
502 1159 744 1211 fiyurarem
764 1160 811 1199 in
827 1163 950 1198 utero
973 1171 1063 1198 ma-

450 1231 529 1271 tris
562 1235 664 1270 tuac

237 1300 330 1352 100,
364 1302 401 1343 9.
437 1302 489 1342 13
523 1304 567 1341 et
601 1301 693 1349 122,
728 1302 752 1341 2
792 1301 964 1355 (Ezech.
997 1301 1065 1353 31,

237 1516 328 1565 102,
362 1516 385 1557 3

452 1374 496 1424 4)
525 1373 590 1413 ait
615 1373 728 1414 enim
752 1372 943 1413 Esaias.-
975 1405 983 1413 .
1011 1404 1020 1413 .
1051 1405 1058 1412 .

451 1458 570 1497 aqua
602 1445 796 1485 nutriuit
826 1445 951 1485 illum

447 1516 504 1567 (II
545 1516 695 1557 Thess.
736 1518 774 1569 2,
809 1516 980 1568 ‘lb-9)
1019 1517 1059 1556 si

446 1588 579 1629 modo
611 1592 737 1639 tenet,
769 1589 845 1640 qui
871 1588 1061 1639 uidetur,

451 1659 586 1701 donec
610 1659 661 1700 de
691 1660 831 1700 medio
864 1660 1062 1701 tollatur.

450 1736 487 1771 et
519 1735 623 1772 tunc
654 1731 898 1784 apparebit,
939 1733 1065 1772 cuius

448 1809 509 1844 est
555 1803 774 1844 aduentus
825 1803 1062 1844 secundum,

445 1874 694 1927 efficaciam
717 1879 905 1916 satanae
926 1875 1064 1929 siqnis

448 1951 487 1986 et
517 1945 758 1987 mendaciis

236 2017 328 2066 102,
364 2018 411 2058 11
446 2017 508 2071 (Π
538 2018 685 2059 Thess.
718 2019 757 2070 2,
794 2017 856 2059 10.
894 2018 960 2069 11)
991 2017 1059 2058 icc-

234 2447 326 2498 114,
359 2447 384 2487 6

446 2089 557 2130 circo
590 2089 798 2141 quoniam
821 2103 912 2129 non
944 2102 1059 2141 cepe-

444 2166 551 2202 runt
587 2173 775 2201 amorem
808 2161 891 2212 dei,
929 2161 1064 2201 mittit

449 2232 539 2272 illis
576 2232 680 2273 deus
709 2232 913 2284 spiritum
939 2245 1056 2273 erro-

443 2303 507 2344 ris
555 2338 561 2345 .
596 2335 604 2343 .
640 2338 648 2346 .
695 2305 770 2356 qui
818 2317 909 2345 non
953 2309 1058 2344 sunt

440 2376 645 2427 persuasi
676 2389 702 2415 a
734 2375 929 2416 ueritate

445 2448 498 2497 (c.
534 2448 598 2499 12,
630 2447 672 2499 9>
705 2452 743 2487 et
773 2448 967 2488 iactatus
999 2451 1058 2488 est

448 2518 580 2559 draco
639 2531 836 2571 macnus,
904 2519 1061 2572 anquis

446 2590 669 2641 antiquus,
710 2589 865 2630 recidit
894 2590 943 2629 in
975 2594 1056 2630 ter-

442 2674 540 2701 ram

233 2731 328 2784 128,
363 2733 414 2773 12
445 2732 745 2784 <Dan.11,45)
770 2738 810 2774 et
824 2738 989 2796 statuet
1011 2734 1061 2773 in

234 2945 327 2998 130,
360 2948 385 2987 2

446 2804 601 2856 templo
631 2817 711 2845 suo
737 2804 852 2845 inter
873 2811 1060 2846 montem

445 2876 579 2917 maris
610 2880 649 2916 et
680 2876 767 2918 duo
798 2878 947 2917 maria

445 2947 618 2999 (Matth.
660 2948 728 2999 24,
769 2949 820 2989 15
854 2950 898 2989 et
926 2947 1057 2989 Marc.

446 3019 508 3067 13,
543 3019 613 3071 14)
653 3032 747 3059 cum
779 3019 986 3060 uideritis
1016 3033 1060 3060 a-

441 3091 764 3143 spernationem
805 3091 1058 3140 mersionis,

443 3160 562 3213 quod
584 3161 747 3203 dietum
770 3167 831 3203 est
846 3175 929 3215 per
957 3162 1056 3203 Da·

443 3232 564 3273 nihel
579 3234 857 3287 prophetam,
873 3239 1059 3276 stantem

444 3303 492 3343 in
525 3304 617 3345 loco
646 3309 815 3355 sancto,
853 3307 932 3348 ubi
967 3319 1060 3347 non

446 3375 554 3423 licet,
587 3376 664 3428 qui
688 3376 802 3430 leyit,
834 3377 1061 3431 intelleyat

1097 677 1149 692 Η

1099 892 1151 906 Η

1095 1106 1147 1120 Η

1093 2037 1145 2052 Η

1092 2753 1145 2767 Η

1213 661 1280 710 93,
1314 662 1335 698 1

1390 375 1547 426 facere
1590 375 1842 426 manipulos
1894 379 1932 415 et
1972 388 2058 417 cre-

1401 458 1522 486 mare
1536 444 1628 497 iqui
1653 450 1842 497 aeterno,
1868 446 2059 487 triticum

1400 519 1544 556 autem
1584 516 1782 569 colli9e7·e
1820 517 1869 557 in
1899 517 2058 558 horrca

1399 599 1496 627 mea

1399 658 1557 698 mulier
1595 670 1732 700 orans
1769 659 1840 699 uel
1870 660 2058 711 prophe-

1402 734 1505 770 tans
1538 729 1697 771 detecto
1730 730 1872 782 capite

1215 875 1367 925 93,14
1398 877 1565 924 oportet
1618 877 1763 913 autem
1814 877 1851 914 te
1903 874 2054 913 iterum

1393 945 1660 996 prophetare
1689 945 1873 997 popidis
1905 949 1943 985 et
1975 945 2057 985 lin-

1399 1016 1499 1068 quis
1529 1019 1567 1055 et
1597 1015 1858 1056 nationibus

1209 1089 1274 1139 99,
1309 1090 1361 1126 16
1386 1087 1654 1139 priusquam
1683 1091 1720 1127 te
1742 1087 1982 1140 flqurarem
2008 1087 2056 1127 in

1395 1163 1549 1198 uentre

1215 1303 1307 1353 101,
1342 1304 1406 1342 11,
1454 1304 1504 1340 16
1537 1306 1576 1341 et
1616 1303 1710 1351 123,
1756 1304 1779 1339 2
1829 1303 1896 1343 ait
1940 1302 2055 1342 enim

1185 1518 1278 1568 103,
1312 1519 1336 1555 3

1407 1372 1632 1414 Ezechiel:
1657 1405 1691 1413 ..
1718 1404 1725 1412 .
1759 1387 1877 1426 aqua
1893 1374 2057 1414 nutriet

1396 1444 1525 1484 illum

1397 1516 1472 1568 qui
1530 1529 1650 1557 nunc
1710 1521 1835 1563 tenet,
1898 1520 2054 1566 teneat,

1396 1587 1531 1629 donec
1584 1588 1635 1628 de
1679 1588 1819 1629 medio
1866 1588 1970 1641 fiat.
2017 1595 2056 1629 er

1400 1664 1503 1700 tunc
1520 1661 1751 1712 apparebit
1767 1662 1946 1714 iniquus
1967 1662 2054 1711 illc,

1397 1731 1522 1772 cuius
1560 1737 1622 1772 est
1652 1731 1874 1774 aduentus
1902 1746 2054 1773 secma-

1389 1803 1492 1843 dum
1552 1803 1800 1856 efficaciam
1863 1809 2055 1845 satanae

1394 1874 1532 1927 siqnis
1548 1880 1589 1915 et
1604 1877 1823 1926 portentis
1835 1876 2054 1917 mendaci-

1398 1946 1477 1987 bus

1185 2021 1274 2071 103,
1308 2021 1361 2057 10
1392 2018 1556 2059 idcirco
1571 2019 1688 2071 qaod
1699 2032 1790 2059 non
1806 2024 2055 2071 receperunt

1394 2103 1581 2131 amorem
1601 2090 1682 2142 dei,
1701 2091 1834 2131 mittit
1865 2092 1923 2131 eis
1949 2092 2054 2131 deus

1389 2162 1594 2214 spiritum
1636 2162 1796 2202 erroris
1829 2195 1836 2201 .
1878 2195 1886 2203 .
1929 2195 1936 2202 .
1978 2165 2055 2215 qui

1390 2246 1483 2274 non
1505 2238 1610 2274 sunt
1634 2235 1843 2285 persuasi
1866 2236 2052 2276 ueritate

1178 2450 1270 2497 115,
1305 2450 1357 2487 10
1390 2453 1429 2488 et
1458 2447 1657 2489 iactatus
1695 2453 1755 2488 est
1794 2449 1928 2490 draco
1959 2463 2050 2490 ma—

1383 2533 1509 2572 y'nus,
1587 2520 1746 2573 anquis
1826 2521 2050 2573 antiquus,

1391 2591 1589 2631 iactatus
1620 2591 1667 2631 in
1701 2596 1863 2632 terram

1179 2735 1273 2785 129,
1307 2737 1359 2774 17
1391 2739 1430 2775 et
1474 2739 1639 2775 statuet
1684 2735 1887 2788 templum
1924 2748 2051 2776 suum

1178 2952 1272 3001 131,
1306 2951 1331 2988 2

1392 2806 1509 2847 inter
1523 2807 1609 2846 duo
1627 2807 1775 2847 maria
1790 2820 1920 2859 super
1932 2820 2049 2847 'mon-

1389 2881 1470 2919 tem
1502 2878 1713 2931 inclytum
1745 2883 1784 2919 et
1812 2883 2013 2920 sanctum

1391 2962 1486 2990 cum
1511 2954 1655 2990 autem
1678 2950 1884 2991 uideritis
1903 2963 2049 3003 asper-

1390 3021 1615 3062 nationem
1649 3022 1899 3071 euersionis,
1937 3036 2051 3075 quae

1392 3091 1512 3134 dicta
1556 3097 1618 3134 est
1654 3106 1737 3145 per
1787 3093 2047 3135 Danihelem.

1381 3164 1656 3216 prophetam,
1680 3169 1874 3206 stantem
1889 3165 1938 3205 in„
1957 3165 2048 3206 loco

1391 3240 1561 3287 sancto,
1591 3236 1668 3289 qui
1694 3234 1807 3290 leq-it,
1825 3237 2050 3291 intelleyat
