2470 3718
321 137 423 187 146
927 130 1111 173 Editio
1145 129 1423 172 Victorini
1454 129 1559 171 XXI
1595 129 1631 172 1.

1140 1696 1264 1740 CAP.
1298 1698 1413 1739 XXI.

95 1794 120 1846 l
166 1807 235 1858 21,
263 1808 288 1848 2
389 1803 445 1852 In
488 1818 645 1869 regno
689 1818 810 1868 ergo
855 1806 905 1853 et
944 1802 993 1852 in
1037 1802 1205 1868 prima
1245 1802 1622 1853 resurrectione
1658 1801 1932 1851 exhibetur
1972 1801 2226 1851 ciuitas

317 1893 572 1951 sancta,
603 1906 791 1955 quam
820 1890 948 1941 dicit
975 1889 1456 1941 descensuram
1490 1889 1562 1940 de
1598 1889 1785 1940 caelo
1815 1888 2229 1954 quadratam,

318 1977 668 2029 differentium
735 1981 786 2029 et
839 1978 1188 2045 pretiositatis
1255 1981 1307 2029 et
1372 1977 1561 2029 coloris
1621 1981 1671 2028 et
1729 1978 1931 2045 generis
1994 1977 2228 2043 lapidum

122 2073 191 2122 21,
230 2072 282 2114 18
318 2066 710 2127 circumdatam,
770 2082 925 2117 auro
983 2066 1220 2118 mundo
1280 2098 1347 2102 -—
1398 2066 1452 2116 id
1510 2069 1589 2117 est
1639 2065 1869 2117 dilucido
1927 2095 1997 2100 -—-
2056 2066 2226 2115 simi-

122 2163 192 2211 21,
228 2161 280 2202 21
317 2154 459 2205 lem.
504 2154 842 2216 cristallo,
885 2155 1071 2219 inquit,
1104 2156 1402 2220 plateam
1446 2154 1590 2205 eius
1628 2156 1936 2214 stratam;
1975 2153 2225 2204 flumen

79 2249 148 2300 22,
187 2249 224 2292 1.
259 2250 284 2290 2
319 2243 501 2294 uitae
535 2259 647 2308 per
674 2243 959 2293 medium
996 2243 1294 2294 effluens
1325 2246 1387 2294 et
1414 2243 1597 2294 uitae
1625 2242 1852 2293 fontes
1881 2258 2225 2308 aquarum;

318 2332 572 2398 lignum
623 2331 808 2382 uitae
857 2331 918 2381 in
972 2332 1287 2394 circuitU,
1332 2348 1443 2396 per
1485 2331 1797 2398 singulos
1842 2346 2103 2382 menses
2145 2331 2227 2380 fa-

321 2420 502 2470 ciens
544 2419 814 2470 fructus
858 2419 1294 2481 differentes3
1331 2420 1551 2470 lumen
1586 2419 1681 2470 ibi
1716 2419 1887 2471 solis
1923 2435 2043 2470 non
2081 2435 2228 2470 esse

124 2515 193 2565 21,
229 2515 283 2556 23
320 2510 529 2574 propter
570 2507 965 2558 eminentiorem
1010 2508 1247 2575 gloriam.
1292 2524 1501 2575 agnus
1545 2508 1697 2570 enim,
1739 2508 1912 2574 inquit
1953 2538 2019 2543 —
2062 2506 2115 2557 id
2150 2509 2230 2557 est

322 2595 450 2647 deus
493 2625 580 2657 ——,
621 2595 732 2646 lux
777 2596 922 2647 eius
967 2600 1086 2647 est.

470 2768 495 2810 3
531 2766 795 2822 quadratam
830 2789 885 2804 Ξ
919 2767 1185 2824 τετράγωνον
1221 2767 1353 2824 Apoc.
1389 2769 1460 2823 21,
1498 2769 1549 2811 16
1642 2769 1669 2810 4
1703 2768 1758 2811 cf.
1792 2769 1929 2823 Apoc.
1965 2768 2035 2822 21,
2071 2768 2139 2810 19.
2173 2768 2230 2810 20

382 2870 409 2911 4
441 2869 743 2925 preciositatis
770 2872 810 2912 A
930 2872 1166 2926 qenetz'uus
1196 2871 1396 2926 lapidum
1428 2884 1548 2914 more
1577 2871 1753 2913 Graeco
1778 2884 1867 2926 pro
1902 2870 2135 2922 ablatam,-
2168 2884 2230 2912 an

322 2942 520 2998 lapidum
552 2944 740 2999 <rnuro>
767 2943 1090 2987 scribendum?
1179 2946 1203 2986 5
1238 2944 1452 2986 mundum
1484 2945 1600 2986 Aml
1721 2943 1924 2987 delucido
1951 2944 1995 2986 A
2086 2943 2112 2985 6
2146 2943 2227 2986 cri-

324 3017 477 3072 stallo]
522 3017 784 3060 Victorinus
817 3019 921 3073 leyit
952 3020 1093 3073 Apoc.
1129 3021 1199 3070 21,
1233 3021 1290 3060 21
1320 3016 1587 3073 κρύσταλλος
1611 3032 1700 3073 pro
1735 3016 1865 3067 ὕαλος
2022 3019 2048 3061 9
2080 3019 2229 3060 lumen

324 3090 387 3131 ibi
418 3090 594 3144 scripsi,
627 3090 869 3133 luminibus
903 3093 946 3133 A
1054 3091 1109 3133 10
1142 3091 1187 3133 id
1222 3092 1306 3148 est]
1342 3092 1408 3134 De
1444 3105 1559 3147 agno
1594 3091 1665 3134 dei
1698 3091 1741 3133 A
1773 3093 1823 3134 in
1855 3106 1937 3147 my.
2048 3092 2098 3133 11
2136 3092 2229 3133 eius

322 3163 495 3217 scripsi,
532 3164 594 3205 eis
627 3164 671 3205 A

2264 2521 2305 2554 10
