2470 3718
342 160 556 210 LXXIV
826 167 1133 211 Addenda
1183 170 1243 210 et
1291 165 1704 219 Corrigenda.

419 342 456 365 )a
480 343 497 365 '.

375 346 441 441 δὲ,
462 343 532 433 g‘20
596 395 641 434 et
674 392 772 446 alt]
810 391 1149 437 delendumest,
1177 394 1215 432 et
1249 393 1346 431 tota
1381 392 1509 430 nota:
1538 387 1677 429 ‘hanc
1700 400 1851 429 uocem
1884 419 1892 427 .
1921 419 1929 427 .
1959 421 1966 429 .
1993 383 2236 428 sublatum

690 465 907 520 ponenda
943 469 1006 507 est
1031 469 1138 518 post
1171 464 1222 505 21
1259 462 1560 517 intellegitur]

378 545 442 595 74,
510 544 532 582 7
593 540 638 582 in
671 539 903 595 templum]
940 538 1104 580 desinit
1136 537 1230 580 cod.
1266 554 1291 578 α
1326 538 1402 591 (ef.
1429 550 1476 589 p.
1513 535 1724 576 XXXII
1756 536 1801 587 3)

375 619 444 668 95,
509 619 533 655 3
593 613 895 656 scribendum:
929 614 1003 667 (cf.
1029 626 1078 666 p.
1114 615 1209 662 11],
1247 614 1268 652 1
1302 612 1412 665 sqq.)

346 692 444 743 106,
480 691 534 730 152
597 688 871 743 sumpturus]
909 686 1074 729 desinit
1107 686 1200 728 eod.
1237 699 1265 726 a
1298 686 1373 739 (cf,
1401 697 1449 738 p.
1483 683 1695 724 XXXII
1724 684 1768 734 52)

933 866 1004 917 IN
1045 863 1403 915 INDICIBVS
1445 863 1658 913 ADDE:

347 988 430 1027 158
492 985 624 1027 Beati
657 985 702 1026 in
733 983 1032 1039 Apocalypsin
1068 980 1388 1024 commentaria
1422 994 1463 1033 p.
1501 980 1519 1020 1
1558 982 1603 1021 et
1636 979 1719 1021 395
1755 1011 1763 1019 .
1792 1010 1834 1022 ..
1866 1012 1872 1019 .
1907 979 1961 1019 of.
2001 977 2096 1027 101,
2130 978 2249 1019 ‘2-3

352 1062 430 1100 109
494 1058 687 1102 Canonis
719 1057 1015 1099 Muratoriani
1049 1070 1087 1098 u.
1125 1056 1178 1098 19
1213 1057 1257 1096 et
1289 1055 1344 1097 20
1381 1088 1387 1095 .
1418 1089 1424 1095 .
1452 1086 1460 1094 .
1491 1090 1497 1097 .
1532 1053 1588 1096 ef.
1623 1052 1691 1107 54,
1726 1052 1751 1093 2

1057 1144 1095 1173 u.
1131 1130 1188 1171 24
1221 1131 1266 1172 et
1299 1130 1353 1172 25
1388 1162 1397 1170 .
1427 1163 1434 1169 .
1467 1165 1469 1167 .
1501 1162 1508 1170 .
1545 1127 1597 1171 ef.
1636 1127 1702 1177 18,
1741 1127 1912 1168 12-14

1056 1219 1096 1246 u.
1130 1203 1305 1247 47—50
1342 1238 1349 1244 .
1388 1239 1393 1244 .
1424 1239 1431 1246 .
1461 1238 1467 1243 .
1497 1237 1504 1244 .
1542 1201 1594 1244 ef.
1629 1201 1699 1255 28,
1735 1202 1847 1242 7-8
1881 1200 1939 1253 (7,
1974 1200 2047 1252 20)

1059 1293 1099 1323 u.
1135 1277 1309 1321 55—59
1346 1311 1353 1318 .
1392 1311 1434 1318 ..
1466 1310 1509 1318 ..
1545 1276 1598 1319 of.
1634 1276 1704 1329 28,
1739 1276 1853 1316 2-6

353 1358 431 1396 160
492 1354 656 1410 Papias
690 1354 869 1404 (Euseb.
903 1353 1007 1395 hist.
1051 1352 1153 1394 eccl.
1187 1351 1254 1393 III
1287 1351 1356 1404 39,
1394 1351 1464 1399 15)
1502 1386 1509 1392 .
1540 1385 1547 1391 .
1576 1384 1585 1392 .
1617 1385 1621 1390 .
1658 1349 1712 1391 ef.
1747 1349 1818 1401 58,
1850 1347 1965 1389 3-4

349 1432 431 1470 170
486 1442 575 1483 pro
608 1429 867 1484 pentecoste
899 1426 1185 1470 scribendum
1217 1430 1280 1467 est
1311 1427 1602 1479 pentecosten
1638 1425 1676 1476 7,
1711 1423 1765 1463 22
