2470 3718
197 1146 238 1179 10

199 1575 240 1609 15

760 206 1017 248 Recensio
1050 206 1362 262 Hieronymi
1394 209 1452 249 VI
1483 211 1608 252 4—5.
2047 217 2108 264 77

268 362 457 413 stolae
519 360 715 422 albae]
769 366 1149 424 acceperunt,
1207 362 1389 426 inquit,
1445 366 1637 415 stolas
1694 367 1876 427 albaS,
1933 370 1983 418 id
2033 374 2111 420 est
2135 379 2249 426 6,ss

270 448 456 498 donum
499 447 709 511 spiritus
753 448 927 496 sancti.

339 533 446 596 [Et
505 532 656 596 uidi,
721 549 844 581 eum
904 535 1241 595 aperuisset
1301 536 1536 598 simiam
1595 541 1849 588 Sextum:
1915 545 2113 591 terrae
2139 542 2257 584 6-12

268 622 455 668 motus
494 618 692 680 faetus
732 623 815 667 est
853 621 1143 684 mannus]
1176 619 1417 670 Sextum
1451 621 1753 686 sigillum:
1787 625 1989 675 factus
2025 631 2114 676 est

270 708 467 755 terrae
507 707 708 754 motus
750 720 1019 768 magnus:
1062 705 1175 769 ipsa
1215 708 1292 755 est
1331 707 1613 757 nouissima
1650 712 1953 771 persecutio.

340 789 448 853 [Et
478 789 677 852 faetus
709 792 794 838 est
822 789 912 839 sol
944 790 1114 854 niye‘r
1145 794 1446 856 tamquam
1479 792 1794 858 cilicium]
1823 795 1920 846 Sol
1953 798 2027 846 fit
2052 803 2115 848 ut

271 891 502 925 saccus:
542 875 816 925 incredulis
857 876 1212 925 obscurabitur
1251 876 1488 940 splendor
1527 879 1798 929 doctrinae.

342 961 446 1024 [Et
479 961 620 1009 luna
660 963 784 1009 tota
812 959 951 1022 facta
983 964 1051 1009 est
1080 963 1341 1025 salomnis]
1372 963 1534 1012 Luna
1567 965 1921 1034 sanguinea:
1957 969 2115 1018 cccle—

272 1047 347 1097 sia
388 1050 679 1096 sanctorum
721 1046 1007 1096 ostenditur
1044 1062 1132 1110 pro
1175 1046 1377 1097 Christo
1419 1050 1718 1113 sanguinem
1758 1051 1983 1103 fundere.

340 1131 441 1195 [Et
479 1131 646 1181 stellae
686 1131 962 1181 ceciderunt
998 1134 1055 1181 in
1103 1135 1333 1195 terram]
1372 1133 1599 1185 Stellas
1649 1137 1884 1187 cadere:
1940 1138 2114 1189 fideles
2140 1141 2257 1192 6,13

270 1218 480 1267 turbari.
541 1216 986 1282 [quemadmodum
1025 1217 1160 1282 ficus
1211 1219 1369 1268 iactat
1417 1237 1616 1284 yrossos
1668 1224 1827 1285 Suos]
1881 1224 2117 1288 agitata

271 1302 430 1352 ficus
465 1303 698 1352 amittit
724 1318 990 1368 grossos:
1018 1320 1105 1368 per
1127 1306 1534 1369 persecutionem
1562 1307 1790 1357 homines
1818 1309 1876 1358 ab
1904 1309 2116 1358 ecclesia

271 1388 508 1452 separari.

342 1473 441 1536 [Et
494 1474 686 1524 caelum
737 1476 934 1524 recessit
992 1477 1098 1524 acsi
1157 1475 1282 1526 liber
1332 1477 1417 1538 Qui
1480 1477 1807 1541 inuoluiturj
1868 1479 2115 1529 Caelum
2142 1492 2180 1538 6,
2212 1490 2261 1530 14

271 1559 534 1610 inuoluit
605 1561 821 1610 ecclesia
886 1561 945 1610 de
1005 1561 1172 1611 medio
1235 1561 1306 1611 fit.
1377 1563 1451 1627 (et
1509 1564 1670 1611 omnis
1729 1579 1870 1612 mons
1932 1569 1975 1613 et
2038 1565 2116 1614 in-

271 1644 411 1694 sulae
464 1645 522 1694 de
575 1645 695 1695 loeis
745 1647 853 1696 Suis
904 1650 1063 1697 motae
1114 1648 1267 1712 sunt.)
1331 1653 1388 1698 et
1435 1664 1597 1698 mons
1647 1651 1704 1698 et
1756 1650 1994 1699 insulae
2051 1650 2115 1700 de

419 1843 484 1893 77,
510 1840 665 1889 3-79,
691 1841 731 1895 2]
765 1842 879 1885 hanc
909 1845 1140 1885 sectionem
1173 1858 1225 1886 ex
1254 1845 1429 1886 Ticonii
1461 1845 1786 1887 commentariis
1819 1846 2118 1899 depromptam

274 1913 448 1954 addunt
478 1913 742 1969 Hieronymi
772 1918 812 1954 et
835 1916 1130 1967 posteriorum
1161 1917 1436 1959 recensiones

332 2054 356 2094 3
388 2054 702 2109 Et..magnus
735 2055 840 2096 add.
875 2055 912 2096 X
1033 2057 1203 2110 signum
1236 2056 1348 2108 FM,
1381 2058 1654 2111 signaculum
1687 2059 1827 2110 ΗΙΚ,
1860 2059 2055 2112 sigillum
2088 2060 2123 2101 S

332 2132 376 2166 et
400 2139 494 2167 ecce
518 2130 657 2168 terrae
682 2130 824 2168 motus
850 2141 1033 2181 magnus
1058 2129 1090 2168 I
1151 2130 1178 2170 4
1203 2132 1369 2170 sextum
1396 2130 1592 2184 sigillum
1617 2128 1664 2183 Υ,
1689 2133 1734 2171 in
1759 2133 1878 2172 sexto
1911 2132 2056 2185 sigillo
2083 2132 2120 2172 X

333 2200 399 2238 est
433 2198 512 2239 alt.
545 2211 625 2239 om.
655 2211 684 2252 9
859 2201 882 2241 5
922 2199 1015 2252 ipse
1056 2199 1091 2240 S
1283 2205 1390 2253 post
1430 2204 1495 2242 est
1536 2200 1641 2242 add.
1680 2201 1756 2241 illa
1795 2200 1831 2242 S
2010 2215 2120 2256 pers.

273 2282 372 2309 nou.
409 2268 488 2309 OB
605 2270 630 2311 6
662 2269 745 2310 Et.
765 2271 981 2312 .cilicium
1015 2271 1118 2312 add.
1149 2271 1188 2311 X
1329 2272 1516 2313 cilicium
1549 2271 1648 2326 (DQ,
1681 2286 1828 2314 saccus
1861 2273 2056 2314 cilicinus
2089 2273 2124 2314 S

333 2341 630 2381 Sol..saccus
663 2354 742 2384 om.
778 2339 819 2378 Φ
1008 2344 1056 2381 ut
1087 2355 1169 2383 om.
1206 2341 1246 2382 T
1406 2343 1429 2383 7
1455 2347 1559 2395 post
1589 2356 1739 2384 saccus
1773 2343 1877 2385 add.
1909 2343 1955 2384 id
1988 2347 2054 2385 est
2084 2345 2120 2384 X

332 2411 500 2464 splend.
534 2411 649 2453 doct.
683 2411 799 2452 obse.
836 2411 913 2453 CB
1088 2412 1113 2453 8
1145 2413 1456 2468 Et..sanguis
1491 2414 1595 2454 add.
1628 2414 1665 2454 X
1833 2418 1929 2456 tota
1962 2428 2042 2456 om.
2075 2416 2124 2456 H

325 2486 429 2533 post
462 2486 528 2522 est
560 2482 663 2523 add.
699 2483 811 2523 sicut
842 2483 931 2527 HI,
965 2486 1013 2524 ut
1039 2496 1066 2536 9
1234 2485 1357 2525 Luna
1389 2485 1631 2538 sanguinea
1662 2498 1745 2527 om.
1777 2483 1819 2523 Φ
1991 2488 2015 2528 9
2049 2487 2121 2540 qui

274 2564 351 2605 pro
386 2551 558 2594 Christo
593 2554 847 2606 sanguinem
876 2553 1085 2595 fuderunt
1113 2554 1166 2594 H
1252 2554 1435 2596 fundens
1469 2556 1609 2596 IKM
1672 2557 1726 2598 10
1756 2556 1933 2600 Eia-‚in
1964 2559 2119 2599 terram

276 2622 380 2664 add.
412 2623 449 2664 X
618 2624 770 2665 stellas
810 2624 960 2666 cadere
1004 2625 1146 2675 TDQ,
1185 2626 1335 2667 stellas
1377 2626 1569 2667 eiusdem
1605 2626 1695 2675 CB,
1736 2627 1960 2668 stellarum
2000 2641 2120 2668 casus

273 2692 520 2744 FHKMS,
556 2695 778 2736 stellarum
812 2709 936 2737 casus
968 2696 1115 2750 signat
1144 2697 1178 2737 I
1345 2699 1393 2738 11
1428 2697 1674 2751 perturbari
1707 2697 1806 2749 (1³13,
1839 2712 1913 2752 pro
1947 2697 2119 2740 Christo

274 2765 441 2806 turbari
467 2766 500 2807 S
592 2765 1012 2820 quemadmodum..
1031 2781 1130 2808 suos
1165 2767 1270 2808 add.
1300 2768 1339 2809 X
1404 2768 1453 2808 12
1478 2773 1583 2821 post
1613 2782 1789 2822 grossos
1825 2769 1930 2810 add.
1962 2782 2060 2810 suos
2084 2770 2123 2809 X

333 2850 408 2890 per
439 2839 787 2891 persecutionem
818 2837 895 2884 IS,
927 2840 1275 2892 persecutionem
1307 2840 1407 2890 ΤΗ,
1440 2841 1743 2893 persecutione
1774 2845 1849 2882 eet.
1911 2841 1964 2882 13
1996 2854 2118 2894 sepa-

274 2908 377 2961 rari]
411 2908 583 2962 quando
618 2912 730 2962 (per)
763 2923 874 2963 pers·
905 2910 1021 2951 horn.
1053 2911 1105 2952 ab
1140 2912 1242 2954 eccl.
1277 2914 1533 2964 separantur
1563 2911 1602 2952 X
1663 2912 1717 2952 14
1748 2912 2121 2953 Et..inuoluitur

278 2977 382 3019 add.
415 2979 453 3019 X
587 2980 690 3034 acsi]
726 2981 848 3034 quasi
879 2982 969 3031 HI,
1002 2985 1052 3023 ut
1081 2982 1134 3023 K
1243 2983 1293 3023 15
1325 2982 1512 3036 inuolui]
1546 2982 1787 3023 inuoluitur
1816 2983 1899 3024 IK
2021 2988 2120 3036 post

276 3049 444 3090 inuolui
477 3051 582 3092 add.
614 3051 660 3092 id
693 3054 759 3092 est
788 3051 975 3093 FHMS
1133 3053 1360 3099 ecclesiam
1392 3052 1438 3106 S,
1471 3053 1523 3094 ab
1558 3053 1742 3094 ecelesia
1773 3053 1824 3094 H
1984 3053 2058 3094 fiet
2090 3054 2123 3093 S

330 3125 432 3173 post
468 3121 518 3162 fit
557 3123 680 3164 codd.
720 3122 876 3164 FHM
900 3129 1083 3177 propter
1111 3124 1332 3176 foliorum
1369 3125 1418 3166 in
1458 3125 1693 3178 archetypo
1733 3124 2116 3176 transpositionem

277 3193 430 3234 statim
475 3198 709 3236 transeunt
749 3194 811 3235 ad
844 3208 1019 3236 uersum
1063 3208 1097 3237 c.
1139 3196 1218 3236 XI
1251 3208 1294 3236 u.
1334 3198 1375 3235 1:
1418 3195 1474 3236 Et
1514 3194 1617 3236 data
1664 3197 1731 3236 est
1775 3195 1882 3235 mihi
1926 3194 2119 3235 harundo

337 3266 408 3305 et.
427 3294 437 3305 .
456 3267 557 3305 sunt
590 3265 695 3306 add.
728 3264 764 3307 S
792 3278 886 3307 cum
926 3266 1050 3320 Vuly.
1150 3266 1201 3308 16
1236 3269 1279 3308 et
1303 3279 1373 3319 pr.
1409 3279 1488 3307 om.
1521 3265 1556 3306 S
1672 3267 1814 3318 mons]
1845 3267 2014 3306 montes
2045 3265 2123 3305 IJi'

336 3334 478 3376 insula
514 3333 554 3375 T
