<?xml version="1.0" encoding="UTF-8"?>
<!DOCTYPE html PUBLIC "-//W3C//DTD XHTML 1.0 Transitional//EN"
    "http://www.w3.org/TR/xhtml1/DTD/xhtml1-transitional.dtd">
<html xmlns="http://www.w3.org/1999/xhtml" xml:lang="en" lang="en">
 <head>
  <title>
</title>
<meta http-equiv="Content-Type" content="text/html;charset=utf-8" />
  <meta name='ocr-system' content='tesseract 3.04.00' />
  <meta name='ocr-capabilities' content='ocr_page ocr_carea ocr_par ocr_line ocrx_word'/>
</head>
<body>
  <div class='ocr_page' id='page_1' title='image "./victoriniepiscop49victuoft_0185.png"; bbox 0 0 2470 3718; ppageno 0'>
   <div class='ocr_carea' id='block_1_1' title="bbox 167 1071 199 1119">
    <p class='ocr_par' dir='ltr' id='par_1_1' title="bbox 167 1071 199 1119">
     <span class='ocr_line' id='line_1_1' title="bbox 167 1071 199 1119; baseline 0 0"><span class='ocrx_word' id='word_1_1' title='bbox 167 1071 199 1119; x_wconf 84' lang='lat'><strong>3</strong></span> 
     </span>
    </p>
   </div>
   <div class='ocr_carea' id='block_1_2' title="bbox 773 228 2130 281">
    <p class='ocr_par' dir='ltr' id='par_1_2' title="bbox 773 228 2130 281">
     <span class='ocr_line' id='line_1_2' title="bbox 773 228 2130 281; baseline -0.001 -11"><span class='ocrx_word' id='word_1_2' title='bbox 773 229 1028 270; x_wconf 84' lang='lat' dir='ltr'>Recensio</span> <span class='ocrx_word' id='word_1_3' title='bbox 1062 228 1368 281; x_wconf 88' lang='lat' dir='ltr'>Hieronymi</span> <span class='ocrx_word' id='word_1_4' title='bbox 1401 228 1485 268; x_wconf 92' lang='lat' dir='ltr'>XII</span> <span class='ocrx_word' id='word_1_5' title='bbox 1516 230 1642 270; x_wconf 83' lang='lat'><strong>2—3.</strong></span> <span class='ocrx_word' id='word_1_6' title='bbox 2032 231 2130 280; x_wconf 74' lang='lat'>109</span> 
     </span>
    </p>
   </div>
   <div class='ocr_carea' id='block_1_3' title="bbox 277 385 2128 705">
    <p class='ocr_par' dir='ltr' id='par_1_3' title="bbox 277 385 2128 705">
     <span class='ocr_line' id='line_1_3' title="bbox 283 385 2126 453; baseline -0.002 -15"><span class='ocrx_word' id='word_1_7' title='bbox 283 391 571 453; x_wconf 87' lang='lat' dir='ltr'>pectans‚</span> <span class='ocrx_word' id='word_1_8' title='bbox 602 390 669 438; x_wconf 90' lang='lat' dir='ltr'>ut</span> <span class='ocrx_word' id='word_1_9' title='bbox 710 403 849 437; x_wconf 88' lang='lat' dir='ltr'>cum</span> <span class='ocrx_word' id='word_1_10' title='bbox 888 387 1267 451; x_wconf 73' lang='lat' dir='ltr'>peperisset</span> <span class='ocrx_word' id='word_1_11' title='bbox 1299 386 1538 446; x_wconf 84' lang='lat' dir='ltr'>filium,</span> <span class='ocrx_word' id='word_1_12' title='bbox 1574 385 1927 436; x_wconf 83' lang='lat' dir='ltr'>deuoraret</span> <span class='ocrx_word' id='word_1_13' title='bbox 1966 402 2126 436; x_wconf 89' lang='lat' dir='ltr'>eum:</span> 
     </span>
     <span class='ocr_line' id='line_1_4' title="bbox 280 470 2126 539; baseline -0.001 -17"><span class='ocrx_word' id='word_1_14' title='bbox 280 473 513 524; x_wconf 90' lang='lat' dir='ltr'>diabolus</span> <span class='ocrx_word' id='word_1_15' title='bbox 563 475 656 535; x_wconf 88' lang='lat' dir='ltr'>est,</span> <span class='ocrx_word' id='word_1_16' title='bbox 706 474 916 539; x_wconf 87' lang='lat' dir='ltr'>angelus</span> <span class='ocrx_word' id='word_1_17' title='bbox 965 472 1144 537; x_wconf 88' lang='lat' dir='ltr'>refuga</span> <span class='ocrx_word' id='word_1_18' title='bbox 1191 470 1406 531; x_wconf 80' lang='lat' dir='ltr'>scilicet,</span> <span class='ocrx_word' id='word_1_19' title='bbox 1457 470 1543 534; x_wconf 90' lang='lat' dir='ltr'>qui</span> <span class='ocrx_word' id='word_1_20' title='bbox 1591 471 1818 520; x_wconf 90' lang='lat' dir='ltr'>omnium</span> <span class='ocrx_word' id='word_1_21' title='bbox 1865 471 2126 520; x_wconf 91' lang='lat' dir='ltr'>hominum</span> 
     </span>
     <span class='ocr_line' id='line_1_5' title="bbox 277 556 2128 623; baseline -0.002 -16"><span class='ocrx_word' id='word_1_22' title='bbox 277 558 538 608; x_wconf 86' lang='lat' dir='ltr'>interitum</span> <span class='ocrx_word' id='word_1_23' title='bbox 571 574 660 623; x_wconf 86' lang='lat' dir='ltr'>per</span> <span class='ocrx_word' id='word_1_24' title='bbox 690 561 905 608; x_wconf 85' lang='lat' dir='ltr'>mortem</span> <span class='ocrx_word' id='word_1_25' title='bbox 940 557 1202 621; x_wconf 87' lang='lat' dir='ltr'>aequalem</span> <span class='ocrx_word' id='word_1_26' title='bbox 1234 571 1347 606; x_wconf 91' lang='lat' dir='ltr'>esse</span> <span class='ocrx_word' id='word_1_27' title='bbox 1378 571 1530 620; x_wconf 90' lang='lat' dir='ltr'>posse</span> <span class='ocrx_word' id='word_1_28' title='bbox 1564 556 1880 618; x_wconf 72' lang='lat' dir='ltr'>opinabatur.</span> <span class='ocrx_word' id='word_1_29' title='bbox 1921 556 2011 605; x_wconf 90' lang='lat' dir='ltr'>sed</span> <span class='ocrx_word' id='word_1_30' title='bbox 2041 557 2128 620; x_wconf 91' lang='lat' dir='ltr'>qui</span> 
     </span>
     <span class='ocr_line' id='line_1_6' title="bbox 278 640 2126 705; baseline -0.001 -12"><span class='ocrx_word' id='word_1_31' title='bbox 278 643 338 692; x_wconf 87' lang='lat' dir='ltr'>de</span> <span class='ocrx_word' id='word_1_32' title='bbox 371 643 564 693; x_wconf 89' lang='lat' dir='ltr'>semine</span> <span class='ocrx_word' id='word_1_33' title='bbox 596 646 746 692; x_wconf 89' lang='lat' dir='ltr'>natus</span> <span class='ocrx_word' id='word_1_34' title='bbox 778 658 876 692; x_wconf 87' lang='lat' dir='ltr'>non</span> <span class='ocrx_word' id='word_1_35' title='bbox 909 646 1029 704; x_wconf 78' lang='lat' dir='ltr'>erat,</span> <span class='ocrx_word' id='word_1_36' title='bbox 1053 641 1179 691; x_wconf 87' lang='lat' dir='ltr'>nihil</span> <span class='ocrx_word' id='word_1_37' title='bbox 1203 640 1355 690; x_wconf 84' lang='lat' dir='ltr'>morti</span> <span class='ocrx_word' id='word_1_38' title='bbox 1381 640 1620 699; x_wconf 87' lang='lat' dir='ltr'>debebat;</span> <span class='ocrx_word' id='word_1_39' title='bbox 1647 643 1851 705; x_wconf 88' lang='lat' dir='ltr'>propter</span> <span class='ocrx_word' id='word_1_40' title='bbox 1877 641 2012 704; x_wconf 88' lang='lat' dir='ltr'>quod</span> <span class='ocrx_word' id='word_1_41' title='bbox 2035 656 2126 691; x_wconf 87' lang='lat' dir='ltr'>nec</span> 
     </span>
    </p>
   </div>
   <div class='ocr_carea' id='block_1_4' title="bbox 225 726 2124 793">
    <p class='ocr_par' dir='ltr' id='par_1_4' title="bbox 225 726 2124 793">
     <span class='ocr_line' id='line_1_7' title="bbox 225 726 2124 793; baseline -0.002 -14"><span class='ocrx_word' id='word_1_42' title='bbox 225 746 244 779; x_wconf 86' lang='lat'>5</span> <span class='ocrx_word' id='word_1_43' title='bbox 277 728 517 779; x_wconf 87' lang='lat' dir='ltr'>deuorare</span> <span class='ocrx_word' id='word_1_44' title='bbox 558 745 673 778; x_wconf 90' lang='lat' dir='ltr'>eum</span> <span class='ocrx_word' id='word_1_45' title='bbox 714 728 898 793; x_wconf 76' lang='lat' dir='ltr'>potuit,</span> <span class='ocrx_word' id='word_1_46' title='bbox 938 727 991 776; x_wconf 89' lang='lat' dir='ltr'>id</span> <span class='ocrx_word' id='word_1_47' title='bbox 1031 729 1110 777; x_wconf 90' lang='lat' dir='ltr'>est</span> <span class='ocrx_word' id='word_1_48' title='bbox 1147 729 1195 775; x_wconf 88' lang='lat' dir='ltr'>in</span> <span class='ocrx_word' id='word_1_49' title='bbox 1236 730 1397 775; x_wconf 88' lang='lat' dir='ltr'>morte</span> <span class='ocrx_word' id='word_1_50' title='bbox 1437 726 1672 785; x_wconf 79' lang='lat' dir='ltr'>retinere3</span> <span class='ocrx_word' id='word_1_51' title='bbox 1715 726 1764 775; x_wconf 91' lang='lat' dir='ltr'>in</span> <span class='ocrx_word' id='word_1_52' title='bbox 1805 726 1955 776; x_wconf 87' lang='lat' dir='ltr'>tertia</span> <span class='ocrx_word' id='word_1_53' title='bbox 1995 727 2124 776; x_wconf 91' lang='lat' dir='ltr'>enim</span> 
     </span>
    </p>
   </div>
   <div class='ocr_carea' id='block_1_5' title="bbox 273 813 2124 1134">
    <p class='ocr_par' dir='ltr' id='par_1_5' title="bbox 273 813 2124 1050">
     <span class='ocr_line' id='line_1_8' title="bbox 274 813 2122 878; baseline -0.002 -15"><span class='ocrx_word' id='word_1_54' title='bbox 274 814 353 864; x_wconf 90' lang='lat' dir='ltr'>die</span> <span class='ocrx_word' id='word_1_55' title='bbox 393 815 680 865; x_wconf 79' lang='lat' dir='ltr'>resurrexit.</span> <span class='ocrx_word' id='word_1_56' title='bbox 722 814 937 878; x_wconf 89' lang='lat' dir='ltr'>denique</span> <span class='ocrx_word' id='word_1_57' title='bbox 980 815 1028 863; x_wconf 90' lang='lat' dir='ltr'>et</span> <span class='ocrx_word' id='word_1_58' title='bbox 1066 813 1365 876; x_wconf 83' lang='lat' dir='ltr'>priusquam</span> <span class='ocrx_word' id='word_1_59' title='bbox 1406 814 1682 876; x_wconf 85' lang='lat' dir='ltr'>pateretur,</span> <span class='ocrx_word' id='word_1_60' title='bbox 1715 813 1967 876; x_wconf 88' lang='lat' dir='ltr'>temptare</span> <span class='ocrx_word' id='word_1_61' title='bbox 2009 826 2122 861; x_wconf 91' lang='lat' dir='ltr'>eum</span> 
     </span>
     <span class='ocr_line' id='line_1_9' title="bbox 273 897 2124 963; baseline -0.002 -15"><span class='ocrx_word' id='word_1_62' title='bbox 273 900 492 949; x_wconf 86' lang='lat' dir='ltr'>accessit</span> <span class='ocrx_word' id='word_1_63' title='bbox 521 904 785 963; x_wconf 76' lang='lat' dir='ltr'><strong>tamquam</strong></span> <span class='ocrx_word' id='word_1_64' title='bbox 818 899 1098 956; x_wconf 81' lang='lat' dir='ltr'>hominem;</span> <span class='ocrx_word' id='word_1_65' title='bbox 1136 897 1223 947; x_wconf 88' lang='lat' dir='ltr'>sed</span> <span class='ocrx_word' id='word_1_66' title='bbox 1257 912 1373 946; x_wconf 92' lang='lat' dir='ltr'>cum</span> <span class='ocrx_word' id='word_1_67' title='bbox 1405 897 1688 946; x_wconf 87' lang='lat' dir='ltr'>inuenisset</span> <span class='ocrx_word' id='word_1_68' title='bbox 1710 912 1808 946; x_wconf 93' lang='lat' dir='ltr'>non</span> <span class='ocrx_word' id='word_1_69' title='bbox 1840 897 1988 946; x_wconf 88' lang='lat' dir='ltr'>illum</span> <span class='ocrx_word' id='word_1_70' title='bbox 2013 912 2124 946; x_wconf 90' lang='lat' dir='ltr'>esse</span> 
     </span>
     <span class='ocr_line' id='line_1_10' title="bbox 273 982 2124 1050; baseline -0.002 -17"><span class='ocrx_word' id='word_1_71' title='bbox 273 1000 421 1048; x_wconf 89' lang='lat' dir='ltr'>quem</span> <span class='ocrx_word' id='word_1_72' title='bbox 442 986 672 1050; x_wconf 84' lang='lat' dir='ltr'>putabat,</span> <span class='ocrx_word' id='word_1_73' title='bbox 701 985 1024 1035; x_wconf 73' lang='lat' dir='ltr'>discessit</span> <span class='ocrx_word' id='word_1_74' title='bbox 1057 985 1128 1033; x_wconf 88' lang='lat' dir='ltr'>ab</span> <span class='ocrx_word' id='word_1_75' title='bbox 1163 983 1727 1047; x_wconf 76' lang='lat' dir='ltr'>illo‚inquit,usque</span> <span class='ocrx_word' id='word_1_76' title='bbox 1754 982 1827 1031; x_wconf 91' lang='lat' dir='ltr'>ad</span> <span class='ocrx_word' id='word_1_77' title='bbox 1851 985 2124 1047; x_wconf 80' lang='lat' dir='ltr'>tempus,</span> 
     </span>
    </p>

    <p class='ocr_par' dir='ltr' id='par_1_6' title="bbox 342 1067 2123 1134">
     <span class='ocr_line' id='line_1_11' title="bbox 342 1067 2123 1134; baseline -0.001 -16"><span class='ocrx_word' id='word_1_78' title='bbox 342 1070 442 1133; x_wconf 84' lang='lat' dir='ltr'>[Et</span> <span class='ocrx_word' id='word_1_79' title='bbox 474 1070 625 1134; x_wconf 78' lang='lat' dir='ltr'>filius</span> <span class='ocrx_word' id='word_1_80' title='bbox 670 1071 778 1120; x_wconf 83' lang='lat' dir='ltr'>eius</span> <span class='ocrx_word' id='word_1_81' title='bbox 822 1074 1001 1134; x_wconf 75' lang='lat' dir='ltr'>raptus</span> <span class='ocrx_word' id='word_1_82' title='bbox 1047 1073 1115 1120; x_wconf 82' lang='lat' dir='ltr'>est</span> <span class='ocrx_word' id='word_1_83' title='bbox 1160 1067 1230 1118; x_wconf 80' lang='lat' dir='ltr'>ad</span> <span class='ocrx_word' id='word_1_84' title='bbox 1275 1068 1422 1117; x_wconf 65' lang='lat' dir='ltr'>deuon</span> <span class='ocrx_word' id='word_1_85' title='bbox 1467 1072 1512 1117; x_wconf 80' lang='lat' dir='ltr'>et</span> <span class='ocrx_word' id='word_1_86' title='bbox 1564 1067 1634 1117; x_wconf 83' lang='lat' dir='ltr'>ad</span> <span class='ocrx_word' id='word_1_87' title='bbox 1686 1068 1921 1117; x_wconf 75' lang='lat' dir='ltr'><em>thronum</em></span> <span class='ocrx_word' id='word_1_88' title='bbox 1974 1068 2123 1130; x_wconf 70' lang='lat' dir='ltr'>eius]</span> 
     </span>
    </p>
   </div>
   <div class='ocr_carea' id='block_1_6' title="bbox 201 1153 2120 1221">
    <p class='ocr_par' dir='ltr' id='par_1_7' title="bbox 201 1153 2120 1221">
     <span class='ocr_line' id='line_1_12' title="bbox 201 1153 2120 1221; baseline -0.001 -17"><span class='ocrx_word' id='word_1_89' title='bbox 201 1174 242 1206; x_wconf 92' lang='lat'>10</span> <span class='ocrx_word' id='word_1_90' title='bbox 272 1156 438 1205; x_wconf 89' lang='lat' dir='ltr'>hunc</span> <span class='ocrx_word' id='word_1_91' title='bbox 496 1156 619 1206; x_wconf 79' lang='lat' dir='ltr'>dicit</span> <span class='ocrx_word' id='word_1_92' title='bbox 672 1159 924 1221; x_wconf 84' lang='lat' dir='ltr'>raptum</span> <span class='ocrx_word' id='word_1_93' title='bbox 982 1156 1053 1205; x_wconf 89' lang='lat' dir='ltr'>ad</span> <span class='ocrx_word' id='word_1_94' title='bbox 1108 1156 1347 1205; x_wconf 91' lang='lat' dir='ltr'>solium</span> <span class='ocrx_word' id='word_1_95' title='bbox 1405 1154 1522 1204; x_wconf 87' lang='lat' dir='ltr'>dei.</span> <span class='ocrx_word' id='word_1_96' title='bbox 1571 1157 1620 1203; x_wconf 89' lang='lat' dir='ltr'>et</span> <span class='ocrx_word' id='word_1_97' title='bbox 1666 1169 1758 1204; x_wconf 93' lang='lat' dir='ltr'>nos</span> <span class='ocrx_word' id='word_1_98' title='bbox 1804 1153 2026 1218; x_wconf 89' lang='lat' dir='ltr'>legimus</span> <span class='ocrx_word' id='word_1_99' title='bbox 2074 1154 2120 1202; x_wconf 91' lang='lat' dir='ltr'>in</span> 
     </span>
    </p>
   </div>
   <div class='ocr_carea' id='block_1_7' title="bbox 267 1239 2123 1566">
    <p class='ocr_par' dir='ltr' id='par_1_8' title="bbox 267 1239 2123 1566">
     <span class='ocr_line' id='line_1_13' title="bbox 267 1239 2121 1307; baseline -0.002 -16"><span class='ocrx_word' id='word_1_100' title='bbox 267 1241 484 1291; x_wconf 88' lang='lat' dir='ltr'>Actibus</span> <span class='ocrx_word' id='word_1_101' title='bbox 533 1244 898 1307; x_wconf 79' lang='lat' dir='ltr'>apostolorum,</span> <span class='ocrx_word' id='word_1_102' title='bbox 946 1241 1376 1305; x_wconf 83' lang='lat' dir='ltr'>quemadmodum</span> <span class='ocrx_word' id='word_1_103' title='bbox 1424 1241 1636 1304; x_wconf 87' lang='lat' dir='ltr'>loquens</span> <span class='ocrx_word' id='word_1_104' title='bbox 1693 1254 1808 1288; x_wconf 88' lang='lat' dir='ltr'>cum</span> <span class='ocrx_word' id='word_1_105' title='bbox 1856 1239 2121 1302; x_wconf 81' lang='lat' dir='ltr'>discipulis</span> 
     </span>
     <span class='ocr_line' id='line_1_14' title="bbox 267 1326 2123 1392; baseline -0.001 -17"><span class='ocrx_word' id='word_1_106' title='bbox 267 1330 443 1390; x_wconf 87' lang='lat' dir='ltr'>raptus</span> <span class='ocrx_word' id='word_1_107' title='bbox 498 1330 576 1377; x_wconf 89' lang='lat' dir='ltr'>est</span> <span class='ocrx_word' id='word_1_108' title='bbox 630 1329 678 1377; x_wconf 90' lang='lat' dir='ltr'>in</span> <span class='ocrx_word' id='word_1_109' title='bbox 734 1328 901 1377; x_wconf 87' lang='lat' dir='ltr'>caelis.</span> <span class='ocrx_word' id='word_1_110' title='bbox 953 1329 1029 1390; x_wconf 80' lang='lat' dir='ltr'>[et</span> <span class='ocrx_word' id='word_1_111' title='bbox 1069 1327 1273 1392; x_wconf 78' lang='lat' dir='ltr'>peperit</span> <span class='ocrx_word' id='word_1_112' title='bbox 1317 1326 1500 1389; x_wconf 61' lang='lat' dir='ltr'>filiurn,</span> <span class='ocrx_word' id='word_1_113' title='bbox 1551 1326 1639 1387; x_wconf 78' lang='lat' dir='ltr'>qui</span> <span class='ocrx_word' id='word_1_114' title='bbox 1692 1326 1873 1388; x_wconf 77' lang='lat' dir='ltr'>incipit</span> <span class='ocrx_word' id='word_1_115' title='bbox 1916 1340 2123 1387; x_wconf 75' lang='lat' dir='ltr'>pascere</span> 
     </span>
     <span class='ocr_line' id='line_1_15' title="bbox 268 1412 2122 1478; baseline -0.001 -18"><span class='ocrx_word' id='word_1_116' title='bbox 268 1428 436 1462; x_wconf 85' lang='lat' dir='ltr'>omnes</span> <span class='ocrx_word' id='word_1_117' title='bbox 494 1417 662 1477; x_wconf 73' lang='lat' dir='ltr'>yentes</span> <span class='ocrx_word' id='word_1_118' title='bbox 723 1414 781 1462; x_wconf 86' lang='lat' dir='ltr'>in</span> <span class='ocrx_word' id='word_1_119' title='bbox 838 1415 990 1477; x_wconf 73' lang='lat' dir='ltr'>uirya</span> <span class='ocrx_word' id='word_1_120' title='bbox 1037 1412 1256 1478; x_wconf 80' lang='lat' dir='ltr'>ferrea]</span> <span class='ocrx_word' id='word_1_121' title='bbox 1312 1415 1612 1461; x_wconf 87' lang='lat' dir='ltr'>acturum</span> <span class='ocrx_word' id='word_1_122' title='bbox 1675 1413 1843 1460; x_wconf 88' lang='lat' dir='ltr'>autem</span> <span class='ocrx_word' id='word_1_123' title='bbox 1907 1424 2122 1460; x_wconf 89' lang='lat' dir='ltr'>omnes</span> 
     </span>
     <span class='ocr_line' id='line_1_16' title="bbox 268 1496 2120 1566; baseline -0.002 -19"><span class='ocrx_word' id='word_1_124' title='bbox 268 1502 498 1562; x_wconf 85' lang='lat' dir='ltr'>gentes</span> <span class='ocrx_word' id='word_1_125' title='bbox 575 1500 634 1548; x_wconf 93' lang='lat' dir='ltr'>in</span> <span class='ocrx_word' id='word_1_126' title='bbox 720 1499 909 1566; x_wconf 88' lang='lat' dir='ltr'>uirga</span> <span class='ocrx_word' id='word_1_127' title='bbox 985 1499 1227 1548; x_wconf 84' lang='lat' dir='ltr'>ferrea:</span> <span class='ocrx_word' id='word_1_128' title='bbox 1305 1498 1452 1563; x_wconf 88' lang='lat' dir='ltr'>uirga</span> <span class='ocrx_word' id='word_1_129' title='bbox 1520 1497 1681 1546; x_wconf 88' lang='lat' dir='ltr'>ferrea</span> <span class='ocrx_word' id='word_1_130' title='bbox 1750 1496 1950 1562; x_wconf 83' lang='lat' dir='ltr'>gladius</span> <span class='ocrx_word' id='word_1_131' title='bbox 2021 1496 2120 1553; x_wconf 75' lang='lat' dir='ltr'>est3</span> 
     </span>
    </p>
   </div>
   <div class='ocr_carea' id='block_1_8' title="bbox 412 1596 1227 1649">
    <p class='ocr_par' dir='ltr' id='par_1_9' title="bbox 412 1596 1227 1649">
     <span class='ocr_line' id='line_1_17' title="bbox 412 1596 1227 1649; baseline 0 -12"><span class='ocrx_word' id='word_1_132' title='bbox 412 1597 438 1638; x_wconf 88' lang='lat'>8</span> <span class='ocrx_word' id='word_1_133' title='bbox 469 1596 575 1639; x_wconf 85' lang='lat' dir='ltr'>Luc.</span> <span class='ocrx_word' id='word_1_134' title='bbox 606 1599 646 1649; x_wconf 88' lang='lat'>4,</span> <span class='ocrx_word' id='word_1_135' title='bbox 683 1598 734 1639; x_wconf 87' lang='lat'>13</span> <span class='ocrx_word' id='word_1_136' title='bbox 826 1598 875 1638; x_wconf 96' lang='grc'>11</span> <span class='ocrx_word' id='word_1_137' title='bbox 913 1597 966 1639; x_wconf 91' lang='lat' dir='ltr'>cf.</span> <span class='ocrx_word' id='word_1_138' title='bbox 999 1597 1095 1638; x_wconf 89' lang='lat' dir='ltr'>Act.</span> <span class='ocrx_word' id='word_1_139' title='bbox 1131 1598 1168 1647; x_wconf 91' lang='lat'>1,</span> <span class='ocrx_word' id='word_1_140' title='bbox 1202 1597 1227 1637; x_wconf 86' lang='lat'>9</span> 
     </span>
    </p>
   </div>
   <div class='ocr_carea' id='block_1_9' title="bbox 249 1676 2123 3448">
    <p class='ocr_par' dir='ltr' id='par_1_10' title="bbox 324 1676 2123 1736">
     <span class='ocr_line' id='line_1_18' title="bbox 324 1676 2123 1736; baseline -0.003 -14"><span class='ocrx_word' id='word_1_141' title='bbox 324 1683 348 1722; x_wconf 81' lang='lat'>2</span> <span class='ocrx_word' id='word_1_142' title='bbox 383 1684 450 1722; x_wconf 90' lang='lat' dir='ltr'>est</span> <span class='ocrx_word' id='word_1_143' title='bbox 480 1681 525 1734; x_wconf 76' lang='lat' dir='ltr'>S,</span> <span class='ocrx_word' id='word_1_144' title='bbox 559 1685 603 1723; x_wconf 87' lang='lat' dir='ltr'>et</span> <span class='ocrx_word' id='word_1_145' title='bbox 635 1687 710 1724; x_wconf 85' lang='lat' dir='ltr'>cet.</span> <span class='ocrx_word' id='word_1_146' title='bbox 810 1683 903 1736; x_wconf 91' lang='lat' dir='ltr'>qui]</span> <span class='ocrx_word' id='word_1_147' title='bbox 928 1696 1011 1736; x_wconf 91' lang='lat' dir='ltr'>quo</span> <span class='ocrx_word' id='word_1_148' title='bbox 1036 1682 1083 1722; x_wconf 83' lang='lat' dir='ltr'><strong><em>F</em></strong></span> <span class='ocrx_word' id='word_1_149' title='bbox 1169 1683 1193 1723; x_wconf 88' lang='lat'><strong>3</strong></span> <span class='ocrx_word' id='word_1_150' title='bbox 1226 1682 1540 1735; x_wconf 82' lang='lat' dir='ltr'>aequalitatem</span> <span class='ocrx_word' id='word_1_151' title='bbox 1564 1681 1609 1721; x_wconf 89' lang='lat' dir='ltr'><em>D</em></span> <span class='ocrx_word' id='word_1_152' title='bbox 1699 1693 1826 1734; x_wconf 90' lang='lat' dir='ltr'>posse</span> <span class='ocrx_word' id='word_1_153' title='bbox 1859 1693 1941 1721; x_wconf 86' lang='lat' dir='ltr'>om.</span> <span class='ocrx_word' id='word_1_154' title='bbox 1969 1676 2123 1731; x_wconf 77' lang='lat' dir='ltr'><strong><em>HIK9</em></strong></span> 
     </span>
    </p>

    <p class='ocr_par' dir='ltr' id='par_1_11' title="bbox 264 1751 2123 2021">
     <span class='ocr_line' id='line_1_19' title="bbox 327 1751 2122 1807; baseline -0.001 -14"><span class='ocrx_word' id='word_1_155' title='bbox 327 1753 627 1806; x_wconf 76' lang='lat' dir='ltr'>opinaturIK</span> <span class='ocrx_word' id='word_1_156' title='bbox 681 1755 707 1794; x_wconf 90' lang='lat'><strong>4</strong></span> <span class='ocrx_word' id='word_1_157' title='bbox 731 1755 839 1807; x_wconf 89' lang='lat' dir='ltr'>erat]</span> <span class='ocrx_word' id='word_1_158' title='bbox 869 1757 935 1795; x_wconf 90' lang='lat' dir='ltr'>est</span> <span class='ocrx_word' id='word_1_159' title='bbox 959 1754 991 1794; x_wconf 94' lang='lat' dir='ltr'><strong><em>I</em></strong></span> <span class='ocrx_word' id='word_1_160' title='bbox 1076 1754 1227 1795; x_wconf 88' lang='lat' dir='ltr'>mortis</span> <span class='ocrx_word' id='word_1_161' title='bbox 1251 1753 1304 1795; x_wconf 84' lang='lat' dir='ltr'><strong><em>H</em></strong></span> <span class='ocrx_word' id='word_1_162' title='bbox 1362 1754 1386 1793; x_wconf 88' lang='lat'>5</span> <span class='ocrx_word' id='word_1_163' title='bbox 1413 1767 1490 1795; x_wconf 89' lang='lat' dir='ltr'>nec</span> <span class='ocrx_word' id='word_1_164' title='bbox 1515 1766 1597 1794; x_wconf 84' lang='lat' dir='ltr'>om.</span> <span class='ocrx_word' id='word_1_165' title='bbox 1623 1753 1783 1806; x_wconf 71' lang='lat' dir='ltr'><strong><em>IKMq</em></strong></span> <span class='ocrx_word' id='word_1_166' title='bbox 1874 1752 1988 1805; x_wconf 87' lang='lat' dir='ltr'>eum]</span> <span class='ocrx_word' id='word_1_167' title='bbox 2018 1751 2122 1792; x_wconf 83' lang='lat' dir='ltr'>add-</span> 
     </span>
     <span class='ocr_line' id='line_1_20' title="bbox 266 1822 2122 1879; baseline -0.001 -14"><span class='ocrx_word' id='word_1_168' title='bbox 266 1839 353 1865; x_wconf 90' lang='lat' dir='ltr'>non</span> <span class='ocrx_word' id='word_1_169' title='bbox 383 1824 543 1878; x_wconf 68' lang='lat' dir='ltr'><strong><em>IKMy</em></strong></span> <span class='ocrx_word' id='word_1_170' title='bbox 661 1827 843 1866; x_wconf 81' lang='lat' dir='ltr'>mortem</span> <span class='ocrx_word' id='word_1_171' title='bbox 883 1825 966 1866; x_wconf 84' lang='lat' dir='ltr'>TF</span> <span class='ocrx_word' id='word_1_172' title='bbox 1080 1824 1275 1867; x_wconf 88' lang='lat' dir='ltr'>detinere</span> <span class='ocrx_word' id='word_1_173' title='bbox 1304 1839 1331 1879; x_wconf 80' lang='lat'><em>9</em></span> <span class='ocrx_word' id='word_1_174' title='bbox 1455 1825 1500 1865; x_wconf 92' lang='lat' dir='ltr'>in</span> <span class='ocrx_word' id='word_1_175' title='bbox 1521 1855 1531 1866; x_wconf 91' lang='lat'><strong>.</strong></span> <span class='ocrx_word' id='word_1_176' title='bbox 1551 1857 1558 1865; x_wconf 90' lang='lat'><strong>.</strong></span> <span class='ocrx_word' id='word_1_177' title='bbox 1581 1824 1666 1878; x_wconf 88' lang='lat' dir='ltr'>die]</span> <span class='ocrx_word' id='word_1_178' title='bbox 1700 1838 1799 1865; x_wconf 86' lang='lat' dir='ltr'>nam</span> <span class='ocrx_word' id='word_1_179' title='bbox 1832 1823 1964 1865; x_wconf 81' lang='lat' dir='ltr'>tertia.</span> <span class='ocrx_word' id='word_1_180' title='bbox 1997 1822 2065 1863; x_wconf 88' lang='lat' dir='ltr'>die</span> <span class='ocrx_word' id='word_1_181' title='bbox 2095 1837 2122 1876; x_wconf 76' lang='lat'><em>9</em></span> 
     </span>
     <span class='ocr_line' id='line_1_21' title="bbox 267 1896 2120 1950; baseline -0.001 -14"><span class='ocrx_word' id='word_1_182' title='bbox 267 1896 290 1936; x_wconf 90' lang='lat'><strong>7</strong></span> <span class='ocrx_word' id='word_1_183' title='bbox 315 1896 556 1937; x_wconf 88' lang='lat' dir='ltr'>inuenisset</span> <span class='ocrx_word' id='word_1_184' title='bbox 578 1897 684 1950; x_wconf 89' lang='lat' dir='ltr'>non]</span> <span class='ocrx_word' id='word_1_185' title='bbox 710 1909 795 1937; x_wconf 92' lang='lat' dir='ltr'>non</span> <span class='ocrx_word' id='word_1_186' title='bbox 821 1896 1103 1950; x_wconf 77' lang='lat' dir='ltr'>inuenisset9</span> <span class='ocrx_word' id='word_1_187' title='bbox 1191 1896 1434 1937; x_wconf 88' lang='lat' dir='ltr'>inuenisset</span> <span class='ocrx_word' id='word_1_188' title='bbox 1457 1896 1580 1936; x_wconf 88' lang='lat' dir='ltr'>illum</span> <span class='ocrx_word' id='word_1_189' title='bbox 1608 1908 1734 1948; x_wconf 86' lang='lat' dir='ltr'>quem</span> <span class='ocrx_word' id='word_1_190' title='bbox 1761 1909 1847 1935; x_wconf 91' lang='lat' dir='ltr'>non</span> <span class='ocrx_word' id='word_1_191' title='bbox 1876 1907 1969 1935; x_wconf 87' lang='lat' dir='ltr'>esse</span> <span class='ocrx_word' id='word_1_192' title='bbox 1994 1897 2120 1948; x_wconf 84' lang='lat' dir='ltr'>puta-</span> 
     </span>
     <span class='ocr_line' id='line_1_22' title="bbox 264 1965 2123 2021; baseline -0.001 -14"><span class='ocrx_word' id='word_1_193' title='bbox 264 1966 341 2007; x_wconf 88' lang='lat' dir='ltr'>bat</span> <span class='ocrx_word' id='word_1_194' title='bbox 364 1967 417 2007; x_wconf 87' lang='lat' dir='ltr'><em>H</em></span> <span class='ocrx_word' id='word_1_195' title='bbox 495 1981 589 2009; x_wconf 89' lang='lat' dir='ltr'>esse</span> <span class='ocrx_word' id='word_1_196' title='bbox 621 1982 702 2010; x_wconf 89' lang='lat' dir='ltr'>om.</span> <span class='ocrx_word' id='word_1_197' title='bbox 731 1967 814 2009; x_wconf 89' lang='lat' dir='ltr'>IK</span> <span class='ocrx_word' id='word_1_198' title='bbox 868 1967 893 2007; x_wconf 83' lang='lat'>8</span> <span class='ocrx_word' id='word_1_199' title='bbox 921 1968 1121 2009; x_wconf 76' lang='lat' dir='ltr'>discessit</span> <span class='ocrx_word' id='word_1_200' title='bbox 1151 1968 1296 2021; x_wconf 86' lang='lat' dir='ltr'>inquit</span> <span class='ocrx_word' id='word_1_201' title='bbox 1329 1967 1381 2008; x_wconf 90' lang='lat' dir='ltr'>ab</span> <span class='ocrx_word' id='word_1_202' title='bbox 1414 1967 1489 2008; x_wconf 92' lang='lat' dir='ltr'>illo</span> <span class='ocrx_word' id='word_1_203' title='bbox 1527 1966 1605 2007; x_wconf 79' lang='lat' dir='ltr'>OB</span> <span class='ocrx_word' id='word_1_204' title='bbox 1695 1967 1842 2019; x_wconf 88' lang='lat' dir='ltr'>inquit</span> <span class='ocrx_word' id='word_1_205' title='bbox 1873 1979 1955 2007; x_wconf 87' lang='lat' dir='ltr'>om.</span> <span class='ocrx_word' id='word_1_206' title='bbox 1987 1965 2123 2006; x_wconf 77' lang='lat' dir='ltr'>HKS</span> 
     </span>
    </p>

    <p class='ocr_par' dir='ltr' id='par_1_12' title="bbox 251 2036 2120 2380">
     <span class='ocr_line' id='line_1_23' title="bbox 320 2036 2118 2091; baseline -0.001 -13"><span class='ocrx_word' id='word_1_207' title='bbox 320 2052 456 2091; x_wconf 86' lang='lat' dir='ltr'>usque</span> <span class='ocrx_word' id='word_1_208' title='bbox 487 2053 570 2081; x_wconf 87' lang='lat' dir='ltr'>om.</span> <span class='ocrx_word' id='word_1_209' title='bbox 607 2039 685 2080; x_wconf 84' lang='lat' dir='ltr'>CB</span> <span class='ocrx_word' id='word_1_210' title='bbox 774 2040 798 2080; x_wconf 84' lang='lat'>9</span> <span class='ocrx_word' id='word_1_211' title='bbox 832 2039 888 2079; x_wconf 83' lang='lat' dir='ltr'>Et</span> <span class='ocrx_word' id='word_1_212' title='bbox 918 2039 1059 2081; x_wconf 88' lang='lat' dir='ltr'>filius.</span> <span class='ocrx_word' id='word_1_213' title='bbox 1081 2072 1117 2082; x_wconf 91' lang='lat'>..</span> <span class='ocrx_word' id='word_1_214' title='bbox 1138 2073 1145 2081; x_wconf 91' lang='lat'><strong>.</strong></span> <span class='ocrx_word' id='word_1_215' title='bbox 1167 2041 1257 2080; x_wconf 87' lang='lat' dir='ltr'>eius</span> <span class='ocrx_word' id='word_1_216' title='bbox 1290 2039 1394 2080; x_wconf 81' lang='lat' dir='ltr'>add.</span> <span class='ocrx_word' id='word_1_217' title='bbox 1427 2039 1464 2079; x_wconf 89' lang='lat' dir='ltr'>X</span> <span class='ocrx_word' id='word_1_218' title='bbox 1558 2039 1609 2079; x_wconf 89' lang='lat'>10</span> <span class='ocrx_word' id='word_1_219' title='bbox 1642 2039 1756 2079; x_wconf 87' lang='lat' dir='ltr'>hunc</span> <span class='ocrx_word' id='word_1_220' title='bbox 1789 2038 1898 2079; x_wconf 90' lang='lat' dir='ltr'>dicit</span> <span class='ocrx_word' id='word_1_221' title='bbox 1928 2036 1974 2090; x_wconf 77' lang='lat' dir='ltr'>T,</span> <span class='ocrx_word' id='word_1_222' title='bbox 2006 2036 2118 2078; x_wconf 83' lang='lat' dir='ltr'>unde</span> 
     </span>
     <span class='ocr_line' id='line_1_24' title="bbox 261 2109 2114 2164; baseline 0 -14"><span class='ocrx_word' id='word_1_223' title='bbox 261 2110 330 2151; x_wconf 86' lang='lat' dir='ltr'>hic</span> <span class='ocrx_word' id='word_1_224' title='bbox 368 2110 528 2152; x_wconf 88' lang='lat' dir='ltr'>dicitur</span> <span class='ocrx_word' id='word_1_225' title='bbox 560 2111 605 2164; x_wconf 78' lang='lat' dir='ltr'>S,</span> <span class='ocrx_word' id='word_1_226' title='bbox 635 2111 739 2153; x_wconf 89' lang='lat' dir='ltr'>hinc</span> <span class='ocrx_word' id='word_1_227' title='bbox 771 2112 930 2152; x_wconf 79' lang='lat' dir='ltr'>dicitur</span> <span class='ocrx_word' id='word_1_228' title='bbox 961 2110 1013 2162; x_wconf 88' lang='grc' dir='ltr'>Φ,</span> <span class='ocrx_word' id='word_1_229' title='bbox 1048 2124 1159 2164; x_wconf 82' lang='lat' dir='ltr'>quae</span> <span class='ocrx_word' id='word_1_230' title='bbox 1189 2110 1380 2152; x_wconf 75' lang='lat' dir='ltr'>recensio</span> <span class='ocrx_word' id='word_1_231' title='bbox 1408 2116 1511 2164; x_wconf 81' lang='lat' dir='ltr'>post</span> <span class='ocrx_word' id='word_1_232' title='bbox 1541 2111 1632 2151; x_wconf 86' lang='lat' dir='ltr'>ista</span> <span class='ocrx_word' id='word_1_233' title='bbox 1662 2110 1802 2151; x_wconf 87' lang='lat' dir='ltr'>uerba</span> <span class='ocrx_word' id='word_1_234' title='bbox 1835 2109 1963 2150; x_wconf 83' lang='lat' dir='ltr'>addit</span> <span class='ocrx_word' id='word_1_235' title='bbox 2003 2110 2030 2150; x_wconf 84' lang='lat' dir='ltr'>l.</span> <span class='ocrx_word' id='word_1_236' title='bbox 2069 2112 2114 2150; x_wconf 89' lang='lat'>9:</span> 
     </span>
     <span class='ocr_line' id='line_1_25' title="bbox 259 2180 2120 2236; baseline -0.001 -14"><span class='ocrx_word' id='word_1_237' title='bbox 259 2181 320 2222; x_wconf 85' lang='lat' dir='ltr'>Et</span> <span class='ocrx_word' id='word_1_238' title='bbox 341 2182 513 2223; x_wconf 91' lang='lat' dir='ltr'>filius..</span> <span class='ocrx_word' id='word_1_239' title='bbox 533 2183 644 2236; x_wconf 75' lang='lat' dir='ltr'>eius3</span> <span class='ocrx_word' id='word_1_240' title='bbox 675 2183 878 2225; x_wconf 84' lang='lat' dir='ltr'>similiter</span> <span class='ocrx_word' id='word_1_241' title='bbox 901 2182 946 2232; x_wconf 77' lang='lat' dir='ltr'>S,</span> <span class='ocrx_word' id='word_1_242' title='bbox 977 2183 1056 2223; x_wconf 87' lang='lat' dir='ltr'>ubi</span> <span class='ocrx_word' id='word_1_243' title='bbox 1078 2187 1185 2235; x_wconf 78' lang='lat' dir='ltr'>post</span> <span class='ocrx_word' id='word_1_244' title='bbox 1214 2182 1352 2224; x_wconf 82' lang='lat' dir='ltr'>uerba</span> <span class='ocrx_word' id='word_1_245' title='bbox 1384 2181 1498 2223; x_wconf 89' lang='lat' dir='ltr'>unde</span> <span class='ocrx_word' id='word_1_246' title='bbox 1530 2182 1601 2223; x_wconf 90' lang='lat' dir='ltr'>hic</span> <span class='ocrx_word' id='word_1_247' title='bbox 1634 2181 1797 2222; x_wconf 88' lang='lat' dir='ltr'>dicitur</span> <span class='ocrx_word' id='word_1_248' title='bbox 1828 2181 1989 2234; x_wconf 79' lang='lat' dir='ltr'>capitis</span> <span class='ocrx_word' id='word_1_249' title='bbox 2012 2180 2120 2221; x_wconf 89' lang='lat' dir='ltr'>XII</span> 
     </span>
     <span class='ocr_line' id='line_1_26' title="bbox 251 2252 2116 2307; baseline -0.001 -14"><span class='ocrx_word' id='word_1_250' title='bbox 251 2253 448 2304; x_wconf 72' lang='lat' dir='ltr'>primurn</span> <span class='ocrx_word' id='word_1_251' title='bbox 479 2267 522 2295; x_wconf 91' lang='lat' dir='ltr'>u.</span> <span class='ocrx_word' id='word_1_252' title='bbox 561 2256 588 2295; x_wconf 87' lang='lat'><strong><em>5</em></strong></span> <span class='ocrx_word' id='word_1_253' title='bbox 605 2268 645 2307; x_wconf 88' lang='lat' dir='ltr'>a,</span> <span class='ocrx_word' id='word_1_254' title='bbox 681 2254 836 2296; x_wconf 84' lang='lat' dir='ltr'>deinde</span> <span class='ocrx_word' id='word_1_255' title='bbox 864 2268 908 2296; x_wconf 90' lang='lat' dir='ltr'>u.</span> <span class='ocrx_word' id='word_1_256' title='bbox 946 2255 1013 2296; x_wconf 87' lang='lat' dir='ltr'>5b</span> <span class='ocrx_word' id='word_1_257' title='bbox 1045 2255 1351 2307; x_wconf 76' lang='lat' dir='ltr'>interpretatio</span> <span class='ocrx_word' id='word_1_258' title='bbox 1382 2254 1581 2307; x_wconf 79' lang='lat' dir='ltr'>sequitur</span> <span class='ocrx_word' id='word_1_259' title='bbox 1615 2253 1670 2294; x_wconf 90' lang='lat' dir='ltr'>ab</span> <span class='ocrx_word' id='word_1_260' title='bbox 1703 2253 1859 2294; x_wconf 80' lang='lat' dir='ltr'>ordine</span> <span class='ocrx_word' id='word_1_261' title='bbox 1898 2252 2116 2294; x_wconf 80' lang='lat' dir='ltr'>Victorini</span> 
     </span>
     <span class='ocr_line' id='line_1_27' title="bbox 260 2324 2120 2380; baseline 0 -16"><span class='ocrx_word' id='word_1_262' title='bbox 260 2324 452 2379; x_wconf 83' lang='lat' dir='ltr'>diuersa,</span> <span class='ocrx_word' id='word_1_263' title='bbox 477 2326 554 2377; x_wconf 80' lang='lat' dir='ltr'>qui</span> <span class='ocrx_word' id='word_1_264' title='bbox 571 2326 765 2378; x_wconf 83' lang='lat' dir='ltr'>primum</span> <span class='ocrx_word' id='word_1_265' title='bbox 788 2340 832 2367; x_wconf 89' lang='lat' dir='ltr'>u.</span> <span class='ocrx_word' id='word_1_266' title='bbox 863 2328 890 2367; x_wconf 92' lang='lat'><em>5</em></span> <span class='ocrx_word' id='word_1_267' title='bbox 906 2326 944 2380; x_wconf 88' lang='lat' dir='ltr'>b,</span> <span class='ocrx_word' id='word_1_268' title='bbox 970 2326 1126 2368; x_wconf 82' lang='lat' dir='ltr'>deinde</span> <span class='ocrx_word' id='word_1_269' title='bbox 1148 2340 1190 2367; x_wconf 89' lang='lat' dir='ltr'>u.</span> <span class='ocrx_word' id='word_1_270' title='bbox 1220 2328 1247 2367; x_wconf 89' lang='lat'><strong><em>5</em></strong></span> <span class='ocrx_word' id='word_1_271' title='bbox 1264 2339 1293 2365; x_wconf 89' lang='lat' dir='ltr'>a</span> <span class='ocrx_word' id='word_1_272' title='bbox 1314 2326 1634 2378; x_wconf 78' lang='lat' dir='ltr'>interpretatus</span> <span class='ocrx_word' id='word_1_273' title='bbox 1658 2329 1719 2366; x_wconf 86' lang='lat' dir='ltr'>est</span> <span class='ocrx_word' id='word_1_274' title='bbox 1807 2326 1958 2378; x_wconf 85' lang='lat' dir='ltr'>raptus</span> <span class='ocrx_word' id='word_1_275' title='bbox 1981 2324 2120 2364; x_wconf 88' lang='lat' dir='ltr'>IKM</span> 
     </span>
    </p>

    <p class='ocr_par' dir='ltr' id='par_1_13' title="bbox 249 2395 2114 2809">
     <span class='ocr_line' id='line_1_28' title="bbox 318 2395 2112 2451; baseline -0.001 -15"><span class='ocrx_word' id='word_1_276' title='bbox 318 2410 342 2436; x_wconf 84' lang='lat' dir='ltr'>a</span> <span class='ocrx_word' id='word_1_277' title='bbox 373 2396 481 2437; x_wconf 91' lang='lat' dir='ltr'>solio</span> <span class='ocrx_word' id='word_1_278' title='bbox 516 2396 562 2436; x_wconf 84' lang='lat' dir='ltr'><em>F</em></span> <span class='ocrx_word' id='word_1_279' title='bbox 646 2411 725 2438; x_wconf 90' lang='lat' dir='ltr'>nos</span> <span class='ocrx_word' id='word_1_280' title='bbox 758 2410 838 2439; x_wconf 92' lang='lat' dir='ltr'>om.</span> <span class='ocrx_word' id='word_1_281' title='bbox 871 2397 903 2438; x_wconf 89' lang='lat' dir='ltr'><strong><em>I</em></strong></span> <span class='ocrx_word' id='word_1_282' title='bbox 960 2398 1009 2439; x_wconf 89' lang='grc'>11</span> <span class='ocrx_word' id='word_1_283' title='bbox 1045 2397 1288 2451; x_wconf 85' lang='lat' dir='ltr'>discipulis]</span> <span class='ocrx_word' id='word_1_284' title='bbox 1322 2397 1425 2438; x_wconf 78' lang='lat' dir='ltr'>add.</span> <span class='ocrx_word' id='word_1_285' title='bbox 1458 2397 1547 2437; x_wconf 91' lang='lat' dir='ltr'>suis</span> <span class='ocrx_word' id='word_1_286' title='bbox 1578 2396 1741 2438; x_wconf 77' lang='lat' dir='ltr'><em>DGBI</em></span> <span class='ocrx_word' id='word_1_287' title='bbox 1797 2396 1849 2437; x_wconf 86' lang='lat'>12</span> <span class='ocrx_word' id='word_1_288' title='bbox 1883 2396 2018 2436; x_wconf 86' lang='lat' dir='ltr'>celum</span> <span class='ocrx_word' id='word_1_289' title='bbox 2052 2395 2112 2442; x_wconf 86' lang='lat' dir='ltr'>K,</span> 
     </span>
     <span class='ocr_line' id='line_1_29' title="bbox 259 2468 2110 2523; baseline -0.001 -15"><span class='ocrx_word' id='word_1_290' title='bbox 259 2468 401 2509; x_wconf 87' lang='lat' dir='ltr'>caelos</span> <span class='ocrx_word' id='word_1_291' title='bbox 426 2481 472 2522; x_wconf 79' lang='lat' dir='ltr'>eq</span> <span class='ocrx_word' id='word_1_292' title='bbox 561 2471 631 2509; x_wconf 90' lang='lat' dir='ltr'>et.</span> <span class='ocrx_word' id='word_1_293' title='bbox 652 2501 659 2508; x_wconf 96' lang='lat'>.</span> <span class='ocrx_word' id='word_1_294' title='bbox 680 2501 689 2509; x_wconf 93' lang='lat'><strong>.</strong></span> <span class='ocrx_word' id='word_1_295' title='bbox 707 2468 846 2510; x_wconf 83' lang='lat' dir='ltr'>ferrea</span> <span class='ocrx_word' id='word_1_296' title='bbox 871 2469 975 2510; x_wconf 80' lang='lat' dir='ltr'>add.</span> <span class='ocrx_word' id='word_1_297' title='bbox 1000 2469 1038 2509; x_wconf 95' lang='lat' dir='ltr'>X</span> <span class='ocrx_word' id='word_1_298' title='bbox 1126 2470 1282 2523; x_wconf 75' lang='lat' dir='ltr'>incipit</span> <span class='ocrx_word' id='word_1_299' title='bbox 1306 2472 1378 2520; x_wconf 84' lang='lat'>(=</span> <span class='ocrx_word' id='word_1_300' title='bbox 1405 2468 1581 2523; x_wconf 81' lang='grc' dir='ltr'>μέλλει)]</span> <span class='ocrx_word' id='word_1_301' title='bbox 1610 2469 1777 2522; x_wconf 81' lang='lat' dir='ltr'>incepit</span> <span class='ocrx_word' id='word_1_302' title='bbox 1800 2468 1851 2508; x_wconf 93' lang='lat' dir='ltr'><strong><em>K</em></strong></span> <span class='ocrx_word' id='word_1_303' title='bbox 1935 2480 2110 2520; x_wconf 88' lang='lat' dir='ltr'>pascere</span> 
     </span>
     <span class='ocr_line' id='line_1_30' title="bbox 260 2538 2112 2593; baseline 0.001 -15"><span class='ocrx_word' id='word_1_304' title='bbox 260 2538 314 2591; x_wconf 86' lang='grc' dir='ltr'>Φ,</span> <span class='ocrx_word' id='word_1_305' title='bbox 345 2552 495 2592; x_wconf 87' lang='lat' dir='ltr'>regere</span> <span class='ocrx_word' id='word_1_306' title='bbox 528 2539 562 2581; x_wconf 79' lang='lat' dir='ltr'><strong><em>S</em></strong></span> <span class='ocrx_word' id='word_1_307' title='bbox 629 2540 680 2581; x_wconf 86' lang='lat'>13</span> <span class='ocrx_word' id='word_1_308' title='bbox 714 2541 1123 2582; x_wconf 87' lang='lat' dir='ltr'>acturum..ferrea</span> <span class='ocrx_word' id='word_1_309' title='bbox 1157 2542 1266 2593; x_wconf 84' lang='lat' dir='ltr'>(pr.)</span> <span class='ocrx_word' id='word_1_310' title='bbox 1298 2554 1380 2582; x_wconf 87' lang='lat' dir='ltr'>om.</span> <span class='ocrx_word' id='word_1_311' title='bbox 1412 2540 1474 2581; x_wconf 93' lang='lat' dir='ltr'>Xe</span> <span class='ocrx_word' id='word_1_312' title='bbox 1564 2543 1740 2581; x_wconf 88' lang='lat' dir='ltr'>acturus</span> <span class='ocrx_word' id='word_1_313' title='bbox 1771 2538 1902 2581; x_wconf 80' lang='lat' dir='ltr'>DCB</span> <span class='ocrx_word' id='word_1_314' title='bbox 1961 2539 2013 2579; x_wconf 80' lang='lat'>14</span> <span class='ocrx_word' id='word_1_315' title='bbox 2046 2541 2112 2580; x_wconf 88' lang='lat' dir='ltr'>est</span> 
     </span>
     <span class='ocr_line' id='line_1_31' title="bbox 259 2609 2108 2665; baseline 0 -15"><span class='ocrx_word' id='word_1_316' title='bbox 259 2622 339 2651; x_wconf 86' lang='lat' dir='ltr'>om.</span> <span class='ocrx_word' id='word_1_317' title='bbox 383 2609 460 2650; x_wconf 82' lang='lat' dir='ltr'>CB</span> <span class='ocrx_word' id='word_1_318' title='bbox 657 2616 758 2663; x_wconf 82' lang='lat' dir='ltr'>post</span> <span class='ocrx_word' id='word_1_319' title='bbox 794 2611 964 2665; x_wconf 85' lang='lat' dir='ltr'>gladius</span> <span class='ocrx_word' id='word_1_320' title='bbox 1005 2614 1072 2653; x_wconf 89' lang='lat' dir='ltr'>est</span> <span class='ocrx_word' id='word_1_321' title='bbox 1101 2617 1284 2665; x_wconf 77' lang='lat' dir='ltr'>propter</span> <span class='ocrx_word' id='word_1_322' title='bbox 1320 2612 1539 2664; x_wconf 78' lang='lat' dir='ltr'>foliorum</span> <span class='ocrx_word' id='word_1_323' title='bbox 1584 2611 1634 2652; x_wconf 86' lang='lat' dir='ltr'>in</span> <span class='ocrx_word' id='word_1_324' title='bbox 1681 2611 1915 2664; x_wconf 75' lang='lat' dir='ltr'>archetypo</span> <span class='ocrx_word' id='word_1_325' title='bbox 1961 2615 2108 2651; x_wconf 85' lang='lat' dir='ltr'>trans-</span> 
     </span>
     <span class='ocr_line' id='line_1_32' title="bbox 249 2681 2114 2737; baseline -0.001 -15"><span class='ocrx_word' id='word_1_326' title='bbox 249 2681 517 2733; x_wconf 76' lang='lat' dir='ltr'>positionem</span> <span class='ocrx_word' id='word_1_327' title='bbox 548 2682 655 2724; x_wconf 81' lang='lat' dir='ltr'>haec</span> <span class='ocrx_word' id='word_1_328' title='bbox 683 2683 820 2725; x_wconf 85' lang='lat' dir='ltr'>uerba</span> <span class='ocrx_word' id='word_1_329' title='bbox 849 2689 1093 2735; x_wconf 81' lang='lat' dir='ltr'>sequuntur</span> <span class='ocrx_word' id='word_1_330' title='bbox 1122 2697 1237 2737; x_wconf 79' lang='lat' dir='ltr'>quae</span> <span class='ocrx_word' id='word_1_331' title='bbox 1267 2684 1506 2725; x_wconf 82' lang='lat' dir='ltr'>transitum</span> <span class='ocrx_word' id='word_1_332' title='bbox 1527 2684 1717 2736; x_wconf 82' lang='lat' dir='ltr'>faciunt</span> <span class='ocrx_word' id='word_1_333' title='bbox 1741 2683 1803 2724; x_wconf 85' lang='lat' dir='ltr'>ad</span> <span class='ocrx_word' id='word_1_334' title='bbox 1825 2683 1985 2735; x_wconf 79' lang='lat' dir='ltr'>capitis</span> <span class='ocrx_word' id='word_1_335' title='bbox 2015 2681 2114 2722; x_wconf 90' lang='lat' dir='ltr'>VII</span> 
     </span>
     <span class='ocr_line' id='line_1_33' title="bbox 256 2754 1620 2809; baseline 0.002 -17"><span class='ocrx_word' id='word_1_336' title='bbox 256 2765 298 2792; x_wconf 89' lang='lat' dir='ltr'>u.</span> <span class='ocrx_word' id='word_1_337' title='bbox 330 2756 354 2792; x_wconf 87' lang='lat'><strong><em>1</em></strong></span> <span class='ocrx_word' id='word_1_338' title='bbox 385 2754 697 2805; x_wconf 77' lang='lat' dir='ltr'>expositionem</span> <span class='ocrx_word' id='word_1_339' title='bbox 728 2755 802 2807; x_wconf 85' lang='lat' dir='ltr'>(cf.</span> <span class='ocrx_word' id='word_1_340' title='bbox 835 2767 948 2808; x_wconf 78' lang='lat' dir='ltr'>quae</span> <span class='ocrx_word' id='word_1_341' title='bbox 970 2769 1018 2807; x_wconf 78' lang='lat' dir='ltr'>p.</span> <span class='ocrx_word' id='word_1_342' title='bbox 1057 2757 1129 2804; x_wconf 84' lang='lat'>95,</span> <span class='ocrx_word' id='word_1_343' title='bbox 1164 2758 1192 2796; x_wconf 82' lang='lat'><em>3</em></span> <span class='ocrx_word' id='word_1_344' title='bbox 1225 2755 1445 2796; x_wconf 85' lang='lat' dir='ltr'>adnotata</span> <span class='ocrx_word' id='word_1_345' title='bbox 1476 2757 1620 2809; x_wconf 84' lang='lat' dir='ltr'>sunt):</span> 
     </span>
    </p>

    <p class='ocr_par' dir='ltr' id='par_1_14' title="bbox 255 2822 2108 3094">
     <span class='ocr_line' id='line_1_34' title="bbox 317 2822 2108 2880; baseline 0 -16"><span class='ocrx_word' id='word_1_346' title='bbox 317 2822 349 2877; x_wconf 88' lang='lat'>1)</span> <span class='ocrx_word' id='word_1_347' title='bbox 381 2822 412 2864; x_wconf 73' lang='lat' dir='ltr'>T</span> <span class='ocrx_word' id='word_1_348' title='bbox 446 2845 498 2859; x_wconf 67' lang='grc' dir='ltr'>-ε</span> <span class='ocrx_word' id='word_1_349' title='bbox 538 2825 746 2866; x_wconf 78' lang='lat' dir='ltr'>TDGBe:</span> <span class='ocrx_word' id='word_1_350' title='bbox 776 2827 1090 2880; x_wconf 83' lang='lat' dir='ltr'>persecutionis</span> <span class='ocrx_word' id='word_1_351' title='bbox 1123 2829 1209 2876; x_wconf 89' lang='lat' dir='ltr'>(-es</span> <span class='ocrx_word' id='word_1_352' title='bbox 1246 2827 1298 2878; x_wconf 87' lang='lat' dir='ltr'>T)</span> <span class='ocrx_word' id='word_1_353' title='bbox 1339 2839 1488 2867; x_wconf 91' lang='lat' dir='ltr'>omnes</span> <span class='ocrx_word' id='word_1_354' title='bbox 1527 2826 1758 2866; x_wconf 86' lang='lat' dir='ltr'>recessisse</span> <span class='ocrx_word' id='word_1_355' title='bbox 1799 2825 1850 2866; x_wconf 91' lang='lat' dir='ltr'>de</span> <span class='ocrx_word' id='word_1_356' title='bbox 1882 2825 1971 2865; x_wconf 88' lang='lat' dir='ltr'>suis</span> <span class='ocrx_word' id='word_1_357' title='bbox 2001 2824 2108 2865; x_wconf 93' lang='lat' dir='ltr'>locis</span> 
     </span>
     <span class='ocr_line' id='line_1_35' title="bbox 257 2894 2107 2950; baseline 0 -15"><span class='ocrx_word' id='word_1_358' title='bbox 257 2894 384 2944; x_wconf 84' lang='lat' dir='ltr'>(locis</span> <span class='ocrx_word' id='word_1_359' title='bbox 417 2898 505 2937; x_wconf 89' lang='lat' dir='ltr'>suis</span> <span class='ocrx_word' id='word_1_360' title='bbox 534 2896 628 2949; x_wconf 81' lang='lat' dir='ltr'>CB)</span> <span class='ocrx_word' id='word_1_361' title='bbox 658 2898 702 2938; x_wconf 87' lang='lat' dir='ltr'>id</span> <span class='ocrx_word' id='word_1_362' title='bbox 735 2900 803 2938; x_wconf 90' lang='lat' dir='ltr'>est</span> <span class='ocrx_word' id='word_1_363' title='bbox 834 2897 969 2950; x_wconf 89' lang='lat' dir='ltr'>(quod</span> <span class='ocrx_word' id='word_1_364' title='bbox 1002 2898 1105 2939; x_wconf 78' lang='lat' dir='ltr'>add.</span> <span class='ocrx_word' id='word_1_365' title='bbox 1130 2901 1165 2949; x_wconf 93' lang='lat' dir='ltr'>e)</span> <span class='ocrx_word' id='word_1_366' title='bbox 1190 2898 1295 2939; x_wconf 89' lang='lat' dir='ltr'>boni</span> <span class='ocrx_word' id='word_1_367' title='bbox 1326 2897 1619 2938; x_wconf 90' lang='lat' dir='ltr'>mouebuntur</span> <span class='ocrx_word' id='word_1_368' title='bbox 1647 2898 1900 2949; x_wconf 89' lang='lat' dir='ltr'>(mouentur</span> <span class='ocrx_word' id='word_1_369' title='bbox 1927 2895 1981 2949; x_wconf 85' lang='lat' dir='ltr'>T)</span> <span class='ocrx_word' id='word_1_370' title='bbox 2011 2908 2107 2949; x_wconf 91' lang='lat' dir='ltr'>per-</span> 
     </span>
     <span class='ocr_line' id='line_1_36' title="bbox 255 2967 2106 3023; baseline 0 -17"><span class='ocrx_word' id='word_1_371' title='bbox 255 2967 522 3008; x_wconf 86' lang='lat' dir='ltr'>secutionem</span> <span class='ocrx_word' id='word_1_372' title='bbox 556 2968 789 3022; x_wconf 86' lang='lat' dir='ltr'>fugientes.</span> <span class='ocrx_word' id='word_1_373' title='bbox 822 2971 1028 3022; x_wconf 83' lang='lat' dir='ltr'>quattuor</span> <span class='ocrx_word' id='word_1_374' title='bbox 1061 2970 1238 3023; x_wconf 86' lang='lat' dir='ltr'>angelos</span> <span class='ocrx_word' id='word_1_375' title='bbox 1270 2969 1438 3023; x_wconf 87' lang='lat' dir='ltr'>(angeli</span> <span class='ocrx_word' id='word_1_376' title='bbox 1467 2967 1558 3020; x_wconf 79' lang='lat' dir='ltr'>CB)</span> <span class='ocrx_word' id='word_1_377' title='bbox 1593 2982 1668 3022; x_wconf 90' lang='lat' dir='ltr'>per</span> <span class='ocrx_word' id='word_1_378' title='bbox 1692 2970 1900 3022; x_wconf 90' lang='lat' dir='ltr'>quattuor</span> <span class='ocrx_word' id='word_1_379' title='bbox 1924 2967 2106 3020; x_wconf 84' lang='lat' dir='ltr'>angulos</span> 
     </span>
     <span class='ocr_line' id='line_1_37' title="bbox 255 3040 1362 3094; baseline 0.005 -17"><span class='ocrx_word' id='word_1_380' title='bbox 255 3040 396 3079; x_wconf 84' lang='lat' dir='ltr'>terrae</span> <span class='ocrx_word' id='word_1_381' title='bbox 424 3044 498 3081; x_wconf 86' lang='lat' dir='ltr'>etc.</span> <span class='ocrx_word' id='word_1_382' title='bbox 531 3043 607 3091; x_wconf 83' lang='lat'>(=</span> <span class='ocrx_word' id='word_1_383' title='bbox 641 3054 737 3093; x_wconf 80' lang='lat' dir='ltr'>cap.</span> <span class='ocrx_word' id='word_1_384' title='bbox 771 3040 871 3081; x_wconf 91' lang='lat' dir='ltr'>VII</span> <span class='ocrx_word' id='word_1_385' title='bbox 896 3054 937 3081; x_wconf 90' lang='lat' dir='ltr'>u.</span> <span class='ocrx_word' id='word_1_386' title='bbox 973 3045 1005 3089; x_wconf 86' lang='lat'>1,</span> <span class='ocrx_word' id='word_1_387' title='bbox 1040 3041 1095 3093; x_wconf 86' lang='lat' dir='ltr'>cf.</span> <span class='ocrx_word' id='word_1_388' title='bbox 1121 3055 1168 3094; x_wconf 78' lang='lat' dir='ltr'>p.</span> <span class='ocrx_word' id='word_1_389' title='bbox 1209 3043 1281 3090; x_wconf 85' lang='lat'>79,</span> <span class='ocrx_word' id='word_1_390' title='bbox 1320 3044 1362 3090; x_wconf 83' lang='lat'>7)</span> 
     </span>
    </p>

    <p class='ocr_par' dir='ltr' id='par_1_15' title="bbox 251 3107 2104 3448">
     <span class='ocr_line' id='line_1_38' title="bbox 314 3107 2104 3166; baseline -0.002 -14"><span class='ocrx_word' id='word_1_391' title='bbox 314 3107 349 3161; x_wconf 85' lang='lat'>²)</span> <span class='ocrx_word' id='word_1_392' title='bbox 381 3108 420 3147; x_wconf 87' lang='grc' dir='ltr'>Φ</span> <span class='ocrx_word' id='word_1_393' title='bbox 454 3129 508 3145; x_wconf 84' lang='lat'>=</span> <span class='ocrx_word' id='word_1_394' title='bbox 545 3111 790 3153; x_wconf 81' lang='lat' dir='ltr'><em>FHIKM:</em></span> <span class='ocrx_word' id='word_1_395' title='bbox 820 3112 863 3152; x_wconf 89' lang='lat' dir='ltr'>in</span> <span class='ocrx_word' id='word_1_396' title='bbox 899 3115 998 3164; x_wconf 87' lang='lat' dir='ltr'>(om.</span> <span class='ocrx_word' id='word_1_397' title='bbox 1030 3112 1093 3163; x_wconf 84' lang='lat' dir='ltr'>F)</span> <span class='ocrx_word' id='word_1_398' title='bbox 1134 3113 1434 3166; x_wconf 90' lang='lat' dir='ltr'>persecutione</span> <span class='ocrx_word' id='word_1_399' title='bbox 1477 3124 1623 3152; x_wconf 91' lang='lat' dir='ltr'>omnes</span> <span class='ocrx_word' id='word_1_400' title='bbox 1662 3111 1893 3152; x_wconf 88' lang='lat' dir='ltr'>recessisse</span> <span class='ocrx_word' id='word_1_401' title='bbox 1932 3109 1984 3150; x_wconf 89' lang='lat' dir='ltr'>de</span> <span class='ocrx_word' id='word_1_402' title='bbox 2016 3108 2104 3149; x_wconf 86' lang='lat' dir='ltr'>suis</span> 
     </span>
     <span class='ocr_line' id='line_1_39' title="bbox 254 3179 2102 3237; baseline -0.001 -17"><span class='ocrx_word' id='word_1_403' title='bbox 254 3180 361 3221; x_wconf 87' lang='lat' dir='ltr'>locis</span> <span class='ocrx_word' id='word_1_404' title='bbox 392 3180 439 3221; x_wconf 89' lang='lat' dir='ltr'>id</span> <span class='ocrx_word' id='word_1_405' title='bbox 472 3185 538 3222; x_wconf 86' lang='lat' dir='ltr'>est</span> <span class='ocrx_word' id='word_1_406' title='bbox 572 3182 660 3230; x_wconf 82' lang='lat' dir='ltr'>(in.</span> <span class='ocrx_word' id='word_1_407' title='bbox 683 3217 688 3223; x_wconf 96' lang='lat'>.</span> <span class='ocrx_word' id='word_1_408' title='bbox 710 3185 775 3223; x_wconf 88' lang='lat' dir='ltr'>est</span> <span class='ocrx_word' id='word_1_409' title='bbox 807 3196 888 3224; x_wconf 80' lang='lat' dir='ltr'>orn.</span> <span class='ocrx_word' id='word_1_410' title='bbox 922 3183 1122 3237; x_wconf 73' lang='lat' dir='ltr'><em>HIKM)</em></span> <span class='ocrx_word' id='word_1_411' title='bbox 1154 3183 1258 3224; x_wconf 89' lang='lat' dir='ltr'>boni</span> <span class='ocrx_word' id='word_1_412' title='bbox 1287 3182 1578 3223; x_wconf 89' lang='lat' dir='ltr'>mouebuntur</span> <span class='ocrx_word' id='word_1_413' title='bbox 1609 3181 1955 3235; x_wconf 84' lang='lat' dir='ltr'>persecutionem</span> <span class='ocrx_word' id='word_1_414' title='bbox 1988 3179 2102 3232; x_wconf 85' lang='lat' dir='ltr'>fugi-</span> 
     </span>
     <span class='ocr_line' id='line_1_40' title="bbox 256 3251 2104 3307; baseline -0.001 -15"><span class='ocrx_word' id='word_1_415' title='bbox 256 3253 392 3292; x_wconf 86' lang='lat' dir='ltr'>entes.</span> <span class='ocrx_word' id='word_1_416' title='bbox 430 3255 531 3305; x_wconf 87' lang='lat' dir='ltr'>post</span> <span class='ocrx_word' id='word_1_417' title='bbox 568 3253 677 3295; x_wconf 86' lang='lat' dir='ltr'>haec</span> <span class='ocrx_word' id='word_1_418' title='bbox 719 3253 867 3294; x_wconf 90' lang='lat' dir='ltr'>audiui</span> <span class='ocrx_word' id='word_1_419' title='bbox 899 3267 1028 3294; x_wconf 88' lang='lat' dir='ltr'>unum</span> <span class='ocrx_word' id='word_1_420' title='bbox 1079 3268 1127 3295; x_wconf 85' lang='lat' dir='ltr'>ex</span> <span class='ocrx_word' id='word_1_421' title='bbox 1167 3256 1374 3307; x_wconf 87' lang='lat' dir='ltr'>quattuor</span> <span class='ocrx_word' id='word_1_422' title='bbox 1421 3253 1622 3294; x_wconf 90' lang='lat' dir='ltr'>cornibus</span> <span class='ocrx_word' id='word_1_423' title='bbox 1671 3252 1821 3294; x_wconf 82' lang='lat' dir='ltr'>altaris</span> <span class='ocrx_word' id='word_1_424' title='bbox 1869 3251 1988 3292; x_wconf 85' lang='lat' dir='ltr'>aurei</span> <span class='ocrx_word' id='word_1_425' title='bbox 2027 3254 2104 3291; x_wconf 84' lang='lat' dir='ltr'>ete.</span> 
     </span>
     <span class='ocr_line' id='line_1_41' title="bbox 255 3321 2102 3378; baseline -0.002 -14"><span class='ocrx_word' id='word_1_426' title='bbox 255 3325 327 3374; x_wconf 86' lang='lat'>(=</span> <span class='ocrx_word' id='word_1_427' title='bbox 353 3335 449 3376; x_wconf 81' lang='lat' dir='ltr'>cap.</span> <span class='ocrx_word' id='word_1_428' title='bbox 474 3324 553 3365; x_wconf 93' lang='lat' dir='ltr'>IX</span> <span class='ocrx_word' id='word_1_429' title='bbox 575 3326 641 3366; x_wconf 86' lang='lat'>13.</span> <span class='ocrx_word' id='word_1_430' title='bbox 662 3327 750 3376; x_wconf 78' lang='lat'>14),</span> <span class='ocrx_word' id='word_1_431' title='bbox 775 3338 886 3377; x_wconf 80' lang='lat' dir='ltr'>quae</span> <span class='ocrx_word' id='word_1_432' title='bbox 908 3325 1048 3366; x_wconf 85' lang='lat' dir='ltr'>uerba</span> <span class='ocrx_word' id='word_1_433' title='bbox 1071 3325 1308 3378; x_wconf 72' lang='lat' dir='ltr'>explicatio</span> <span class='ocrx_word' id='word_1_434' title='bbox 1330 3324 1563 3366; x_wconf 87' lang='lat' dir='ltr'>uerborum</span> <span class='ocrx_word' id='word_1_435' title='bbox 1587 3337 1663 3378; x_wconf 91' lang='lat' dir='ltr'>per</span> <span class='ocrx_word' id='word_1_436' title='bbox 1688 3325 1897 3376; x_wconf 89' lang='lat' dir='ltr'>quattuor</span> <span class='ocrx_word' id='word_1_437' title='bbox 1920 3321 2102 3374; x_wconf 81' lang='lat' dir='ltr'>angulos</span> 
     </span>
     <span class='ocr_line' id='line_1_42' title="bbox 251 3395 1570 3448; baseline 0.002 -15"><span class='ocrx_word' id='word_1_438' title='bbox 251 3395 393 3434; x_wconf 87' lang='lat' dir='ltr'>terrae</span> <span class='ocrx_word' id='word_1_439' title='bbox 423 3395 705 3446; x_wconf 79' lang='lat' dir='ltr'>subsequitur</span> <span class='ocrx_word' id='word_1_440' title='bbox 734 3397 809 3446; x_wconf 72' lang='lat' dir='ltr'>(z</span> <span class='ocrx_word' id='word_1_441' title='bbox 843 3409 939 3448; x_wconf 82' lang='lat' dir='ltr'>cap.</span> <span class='ocrx_word' id='word_1_442' title='bbox 979 3396 1080 3436; x_wconf 89' lang='lat' dir='ltr'>VII</span> <span class='ocrx_word' id='word_1_443' title='bbox 1104 3410 1147 3437; x_wconf 87' lang='lat' dir='ltr'>u.</span> <span class='ocrx_word' id='word_1_444' title='bbox 1181 3399 1216 3447; x_wconf 87' lang='lat'>1,</span> <span class='ocrx_word' id='word_1_445' title='bbox 1249 3397 1303 3448; x_wconf 86' lang='lat' dir='ltr'>cf.</span> <span class='ocrx_word' id='word_1_446' title='bbox 1329 3409 1376 3448; x_wconf 76' lang='lat' dir='ltr'>p.</span> <span class='ocrx_word' id='word_1_447' title='bbox 1414 3397 1487 3447; x_wconf 87' lang='lat'>79,</span> <span class='ocrx_word' id='word_1_448' title='bbox 1526 3398 1570 3441; x_wconf 75' lang='lat'>7)</span> 
     </span>
    </p>
   </div>
   <div class='ocr_carea' id='block_1_10' title="bbox 2158 1073 2324 1122">
    <p class='ocr_par' dir='ltr' id='par_1_16' title="bbox 2158 1073 2324 1122">
     <span class='ocr_line' id='line_1_43' title="bbox 2158 1073 2324 1122; baseline 0.012 -11"><span class='ocrx_word' id='word_1_449' title='bbox 2158 1073 2222 1122; x_wconf 83' lang='lat'>12,</span> <span class='ocrx_word' id='word_1_450' title='bbox 2257 1074 2324 1113; x_wconf 68' lang='lat'>51&gt;</span> 
     </span>
    </p>
   </div>
   <div class='ocr_carea' id='block_1_11' title="bbox 2158 1338 2225 1389">
    <p class='ocr_par' dir='ltr' id='par_1_17' title="bbox 2158 1338 2225 1389">
     <span class='ocr_line' id='line_1_44' title="bbox 2158 1338 2225 1389; baseline 0.015 -13"><span class='ocrx_word' id='word_1_451' title='bbox 2158 1338 2225 1389; x_wconf 80' lang='lat'>12,</span> 
     </span>
    </p>
   </div>
   <div class='ocr_carea' id='block_1_12' title="bbox 2259 1344 2325 1381">
    <p class='ocr_par' dir='ltr' id='par_1_18' title="bbox 2259 1344 2325 1381">
     <span class='ocr_line' id='line_1_45' title="bbox 2259 1344 2325 1381; baseline 0 0"><span class='ocrx_word' id='word_1_452' title='bbox 2259 1344 2325 1381; x_wconf 62' lang='lat' dir='ltr'>ba</span> 
     </span>
    </p>
   </div>
  </div>
 </body>
</html>
