2470 3718
352 186 574 237 XXXVI
912 199 1387 255 Prolegomena
1433 199 1694 242 IlIBla.

982 484 1049 558 Β)
1098 484 1660 544 RECENSIONES.

843 658 896 709 1.
939 658 1227 712 Recensio
1268 659 1623 723 Hieronymi
1666 657 1802 726 (Y).

886 804 937 875 a)
986 806 1470 858 Recensionis
1520 807 1728 858 ratio.

421 925 699 976 Anatolius
725 924 953 991 quidam,
980 925 1041 977 de
1062 941 1162 991 quo
1190 928 1598 991 praeternomen
1625 927 1755 977 nihil
1774 927 1988 989 scimuS,
2011 927 2265 994 Hierony—

346 1028 430 1064 mo
457 1012 715 1065 Victorini
743 1013 1153 1079 explanationem
1179 1014 1231 1064 in
1259 1015 1613 1081 apocalypsim
1648 1017 1792 1065 misit
1826 1031 2050 1082 eumque
2077 1017 2265 1078 orauit,

346 1105 407 1153 ut
430 1101 683 1153 iudicium
713 1101 773 1153 de
801 1118 858 1153 ea
885 1101 1091 1154 faceret.
1124 1103 1168 1154 is
1197 1103 1611 1166 cunctabundus,
1639 1103 1883 1170 quoniam
1909 1103 2264 1169 periculosum

347 1206 463 1243 esse
488 1191 710 1256 putabat
736 1190 796 1241 de
824 1190 1020 1258 egregii
1053 1190 1154 1242 uiri
1189 1192 1459 1257 opusculis
1486 1191 1733 1256 iudicare,
1765 1192 2007 1258 precibus
2033 1192 2265 1243 Anatolii

346 1278 607 1330 satisfecit
663 1281 818 1345 atque
867 1280 1114 1331 uolumen
1170 1280 1378 1332 rem-isit
1423 1297 1524 1332 non
1572 1281 1854 1348 integrum,
1913 1281 2002 1332 sed
2050 1296 2262 1346 prorsus

346 1370 608 1419 mutatum
645 1370 697 1419 et
729 1370 1034 1419 correctum.
1074 1369 1429 1435 Hieronymus
1455 1369 1568 1435 ipse
1600 1370 1770 1421 tribus
1805 1370 1979 1421 uerbis
2009 1369 2264 1420 rationem

346 1473 531 1522 operae
586 1457 638 1507 in
696 1456 876 1508 codice
941 1457 1261 1509 emendando
1326 1458 1611 1510 collocatae
1676 1458 1979 1525 descripsit:
2043 1475 2160 1509 nam
2210 1473 2263 1508 se

346 1545 783 1608 correxisse,
852 1561 981 1611 quae
1038 1546 1100 1597 ab
1155 1546 1440 1612 imperitiis
1490 1547 1802 1613 scriptorum
1843 1548 2034 1599 uitiata
2074 1549 2264 1609 essent,

345 1635 620 1686 confessus
672 1637 776 1695 est3
833 1637 1100 1700 praeterea
1148 1650 1202 1686 se
1252 1651 1274 1686 s
1298 1651 1324 1686 o
1347 1636 1407 1687 ci
1427 1652 1455 1687 a
1473 1637 1538 1687 ui
1559 1652 1580 1687 s
1604 1653 1626 1688 s
1646 1651 1671 1687 e
1727 1637 1815 1687 uel
1863 1652 1890 1687 a
1909 1635 1940 1687 d
1960 1635 2025 1686 di
2046 1635 2111 1686 di
2132 1651 2154 1687 s
2176 1650 2197 1685 s
2219 1650 2260 1695 e,

345 1739 476 1789 quae
515 1724 566 1774 in
609 1723 866 1775 maiorum
917 1723 1304 1775 commentariis
1355 1724 1416 1775 de
1457 1724 1603 1776 mille
1652 1739 1905 1776 annorum
1950 1739 2110 1792 regno
2151 1739 2262 1789 rep-

342 1812 590 1878 perisset3
639 1811 899 1878 imprimis
949 1828 977 1863 a
1026 1812 1194 1863 crucis
1245 1813 1394 1881 signo
1443 1829 1611 1880 usque
1661 1814 1724 1865 ad
1771 1813 1928 1866 finem
1974 1812 2260 1865 uoluminis

343 1900 517 1952 omnia
559 1900 736 1952 addita
777 1916 915 1962 esse;
957 1903 1222 1967 postremo
1266 1918 1321 1954 se
1362 1903 1613 1954 nonnulla
1654 1903 2088 1966 abstulisse,
2130 1917 2261 1967 quae

344 1989 587 2041 chiliasta
619 1989 708 2041 ille
744 1989 1032 2041 secundum
1072 1990 1303 2042 litteram
1346 1991 1621 2043 sensisset.
1664 1994 1820 2060 atq-ue
1863 1993 1907 2044 si
1941 1992 2099 2044 editio
2142 1992 2259 2043 Vic-

339 2077 497 2129 torini
524 2080 575 2129 et
599 2078 832 2130 recensio
867 2078 1177 2146 Hieronymi
1207 2079 1343 2131 inter
1376 2096 1430 2131 se
1457 2082 1838 2146 comparantur,
1870 2081 2259 2133 emendationes

340 2166 426 2217 nel
452 2167 798 2219 correctiones
825 2167 1066 2232 opinione
1087 2168 1372 2220 crebriores
1394 2171 1444 2220 et
1468 2169 1737 2236 grauiores
1765 2185 1880 2221 esse
1907 2170 2259 2238 cognoscitur.

339 2255 392 2305 id
433 2255 699 2307 nonnullis
742 2256 991 2322 exemplis
1033 2257 1470 2310 demonstremus.

418 2416 475 2487 α)
524 2418 1009 2486 Hieronymus
1058 2420 1434 2472 Victorini
1492 2437 1887 2474 sermonem
1942 2423 2254 2488 poliuit:

403 2550 470 2600 16,
503 2550 530 2590 4
594 2564 710 2605 quae
732 2552 966 2605 praecepit

399 2624 469 2674 20,
505 2625 527 2667 ’ἶ
582 2624 756 2678 faciem
786 2630 951 2675 ,contra
972 2626 1147 2679 faciem

399 2698 468 2752 26,
504 2699 526 2739 7
587 2699 729 2753 primi
761 2704 978 2742 steterunt

398 2771 468 2824 28,
503 2771 528 2813 3
594 2772 782 2827 differet.
818 2773 888 2829 52,
925 2773 978 2815 13
1002 2776 1126 2828 feret

398 2845 468 2898 30,
504 2846 526 2887 7
592 2847 813 2901 cooperiri
846 2852 1009 2902 optant

397 2921 468 2973 32,
504 2920 529 2962 8
592 2921 774 2963 student
805 2922 1058 2975 scripturas

397 2993 469 3046 32,
508 2995 559 3036 16
595 2994 676 3035 abs
709 2999 748 3036 te

399 3067 468 3116 34,
504 3067 528 3108 9
592 3067 697 3109 odio
729 3068 925 3111 habebat

398 3141 468 3194 34,
505 3141 558 3184 10
580 3143 778 3195 factiosi
808 3142 1007 3186 homine-s·

396 3215 467 3268 40,
502 3215 540 3257 2.
582 3217 646 3258 11.
681 3217 752 3270 42,
786 3218 811 3258 6
847 3217 1000 3260 electio
1384 3223 1452 3274 41,
1487 3224 1526 3264 2.
1561 3224 1630 3263 12.
1666 3225 1733 3276 43,
1771 3225 1795 3262 6
1826 3224 2042 3266 conlectio

394 3289 466 3342 42,
505 3290 556 3331 12
590 3303 729 3343 rneque
749 3290 954 3345 friyidos
985 3305 1126 3347 ‘neque
1156 3307 1226 3335 σα-
1381 3297 1449 3349 43,
1484 3297 1538 3336 12
1570 3309 1712 3350 neque
1732 3296 1938 3352 friyidos
1969 3312 2110 3351 neque
2129 3299 2228 3352 fer-

592 3363 709 3405 Ze'dos
1571 3375 1725 3413 uentes

394 3436 465 3490 46,
499 3437 523 3478 5
590 3437 803 3492 adaperit
834 3438 908 3492 (cf.
935 3439 1176 3494 ἀνοίγνυμι)
1378 3445 1447 3498 47,
1482 3445 1506 3484 6
1570 3444 1716 3498 aperit

1419 2557 1454 2609 7,
1490 2557 1515 2594 9
1569 2559 1816 2608 praecepta

1418 2633 1451 2681 1,
1488 2631 1539 2669 15
1562 2629 1696 2682 facie
1728 2633 1889 2671 contra
1911 2631 2085 2684 faciem

1418 2706 1453 2756 7,
1492 2705 1519 2744 7·
1572 2703 1774 2757 primum
1805 2708 2024 2746 steterunt

1412 2779 1450 2830 9,
1487 2780 1511 2817 3
1575 2777 1739 2832 differt.
1775 2781 1843 2827 53,
1883 2782 1935 2819 12
1956 2780 2055 2833 fert

1377 2854 1445 2905 31,
1484 2854 1506 2891 7
1570 2853 1791 2905 cooperiri
1820 2865 1865 2894 se
1898 2857 2062 2907 optant

1380 2927 1449 2975 33,
1483 2927 1509 2964 9
1570 2925 1751 2968 student
1782 2927 2021 2980 scripturis

1383 3001 1451 3051 33,
1486 3000 1540 3039 16
1576 3012 1605 3040 α
1637 3003 1675 3041 te

1380 3075 1448 3125 35,
1483 3075 1538 3114 10
1572 3073 1731 3116 oderat

1383 3149 1451 3201 35,
1485 3150 1539 3188 11
1565 3148 1671 3202 fieti
1701 3149 1902 3192 homines

1390 2558 1409 2594 1

1381 2630 1406 2667 2

1385 2704 1410 2742 2

1382 2778 1407 2816 2

1264 3166 1317 3181 ll
1261 3091 1315 3106 ΙΙ
1263 3017 1317 3032 ΙΙ
1261 2944 1315 2959 ΙΙ
1258 2871 1312 2885 ΙΙ
1263 2796 1317 2810 ll
1265 2721 1320 2737 ΙΙ
1263 2648 1317 2662 ΙΙ
1267 2574 1321 2588 ΞΙ

1265 3240 1319 3255 ΙΙ

1262 3313 1315 3329 li

1258 3462 1312 3477 Η
