2470 3718
784 205 1348 258 ProlegomenaIII
1379 206 1427 246 A.
1869 194 2037 242 XXXl

179 366 224 415 is
273 365 405 414 enim
451 364 502 413 in
550 367 872 433 Scriptorum
915 372 1143 417 ueterum
1189 383 1322 416 noua
1367 369 1647 418 collectione
1691 385 1715 417 e
1770 369 2038 418 Vaticanis

180 455 431 504 codicibus
468 454 604 503 edita
636 449 712 498 ΙΙΙ
746 451 775 497 2
819 448 1032 515 (Romae
1076 447 1236 514 1828)
1275 449 1424 499 Marii
1456 449 1707 500 Victorini
1746 450 2038 515 philosophi

180 538 226 586 in
277 537 526 601 epistulas
573 536 719 585 Pauli
767 535 829 584 ad
877 534 1102 597 GalataS‚
1151 535 1211 584 ad
1257 535 1630 600 PhilippenseS‚
1677 535 1740 585 ad
1785 536 2035 601 Ephesios

181 621 571 674 commentarios
617 620 811 684 publici
853 620 979 670 iuris
1019 620 1140 670 fecit
1186 622 1338 684 atque
1387 621 1483 670 hoc
1528 620 1777 671 monitum
1824 621 2034 680 addidit,

181 723 278 771 quo
321 707 380 757 de
418 707 507 757 illo
554 706 815 756 Victorino
855 706 1072 755 maxima
1120 721 1254 769 spes,
1303 706 1362 755 de
1409 709 1581 756 nostro
1628 722 1786 771 parua
1831 707 2036 757 excitari

178 794 349 857 potuit
387 792 458 859 (p.
489 791 642 859 147):
688 796 812 846 Tres
843 796 912 845 ad
940 796 1070 845 hanc
1109 797 1587 845 commentariorum
1618 797 1902 846 curandam
1932 797 2037 846 edi-

180 885 364 933 tionem
410 882 624 932 adhibui
684 882 965 931 Vaticanae
1018 882 1336 931 bibliothecae
1389 881 1576 931 codices
1588 901 1606 945 ;
1667 899 1840 947 nempe
1899 882 2035 932 Otto-

179 970 454 1019 bonianum
477 969 616 1017 3288
644 968 707 1030 A,
742 985 866 1017 saec.
891 966 1047 1030 XIV,
1080 986 1111 1016 a
1136 984 1231 1033 quo
1255 969 1538 1033 exscriptus
1567 972 1649 1017 est·
1670 967 2036 1017 Ottobonianus

178 1055 321 1104 3288
353 1055 400 1104 B
430 1071 555 1104 saec.
582 1054 729 1103 XVI
732 1073 748 1116 ;
780 1058 1032 1119 postremo
1065 1053 1374 1103 Vaticanum
1398 1054 1540 1102 3546
1565 1071 1690 1103 saec.
1716 1055 1837 1103 item
1875 1054 2032 1116 XVI,

178 1142 239 1191 ab
291 1142 540 1190 alterutro
600 1140 929 1190 Ottoboniano
953 1139 1129 1204 ferme
1168 1139 1519 1205 desumptum:
1573 1156 1729 1206 quare
1768 1141 2035 1189 lectionum

178 1228 404 1276 uarietas
428 1228 483 1275 in
507 1227 589 1275 his
611 1226 820 1275 ineditis
844 1227 1220 1275 commentariis
1243 1227 1388 1275 nulla
1404 1227 1773 1292 propemodum
1797 1231 1869 1276 est
1904 1267 1913 1276 .
1943 1267 1951 1275 .
1986 1262 1994 1271 .
2022 1267 2032 1276 .

170 1316 378 1378 primus
429 1313 649 1362 occurrit
701 1312 955 1361 Victorini
991 1313 1048 1361 in
1093 1312 1442 1377 apocalypsim
1488 1314 1883 1362 commentarius
1922 1309 2032 1372 (seu

178 1400 610 1460 commentarium,
672 1402 727 1446 ut
782 1399 984 1463 saepius
1036 1399 1091 1446 in
1145 1397 1225 1446 his
1277 1397 1529 1447 codicibus
1588 1396 1870 1461 scribitur)
1920 1415 2034 1448 cum

171 1486 391 1551 praeuia
446 1485 752 1550 Hieronymi
803 1485 1021 1549 epistula
1077 1524 1087 1533 .
1119 1521 1128 1529 .
1157 1524 1167 1534 .
1195 1521 1205 1531 .
1260 1488 1540 1550 sequuntur
1598 1484 1853 1533 Victorini
1905 1501 2032 1533 com-

177 1572 419 1620 mentarii
456 1572 697 1620 hactenus
726 1569 910 1619 inediti
946 1571 1002 1618 in
1041 1571 1286 1635 epistulas
1324 1570 1394 1619 ad
1437 1569 1653 1620 Galatas
1706 1575 1752 1619 et
1803 1570 1872 1620 ad
1910 1571 2033 1620 Phi-

179 1659 443 1722 lippenses.
499 1656 677 1706 deinde
745 1656 999 1705 Victorini
1051 1657 1345 1706 scribuntur
1397 1657 1640 1721 opuscula
1694 1656 1807 1717 duo,
1860 1673 2034 1722 nempe

178 1745 237 1794 de
284 1745 393 1792 illis
437 1743 606 1792 uerbis
648 1759 876 1809 ysne-seos
915 1742 1201 1806 factum
1247 1747 1347 1791 est
1401 1759 1690 1808 uespere
1739 1747 1798 1791 et
1843 1759 2034 1792 mane

178 1831 327 1880 dies
373 1846 550 1879 unus
563 1843 574 1885 ;
624 1834 669 1877 et
707 1833 879 1878 contra
911 1829 1010 1878 duo
1034 1830 1300 1894 principia
1333 1828 1752 1878 Manichaeorum
1762 1847 1779 1891 ;
1818 1845 2033 1895 quorum

176 1921 445 1981 utrumque
475 1917 682 1980 primus
719 1916 899 1963 extulit
928 1916 985 1963 in
1015 1916 1174 1964 lucem
1207 1914 1528 1977 Sirmondus‚
1563 1932 1621 1964 eat
1653 1914 2034 1964 Heriuallensis

176 2002 473 2051 monasterii
503 2002 664 2050 codice
694 2005 953 2065 sumptum
995 2040 1004 2049 .
1033 2039 1043 2049 .
1073 2036 1082 2044 .
1124 2002 1353 2066 sequitur
1382 2002 1437 2049 in
1476 2000 1617 2050 codd·
1643 2003 2033 2050 commentarius

175 2089 415 2137 hactenus
451 2088 676 2136 ineditus
713 2088 768 2135 in
814 2087 1087 2151 epistulam
1124 2087 1193 2135 ad
1238 2086 1496 2153 Ephesios.
1543 2090 1821 2135 extremum
1867 2091 1938 2136 est
1974 2088 2029 2135 in

177 2174 426 2223 codicibus
443 2173 740 2238 opusculum
756 2173 1063 2238 inscriptum
1081 2172 1139 2221 de
1148 2172 1408 2238 physicis.
1441 2209 1449 2217 .
1477 2212 1487 2221 .
1514 2172 1827 2238 quodsihuic
1844 2174 2032 2238 scripto

190 2260 438 2308 Victorini
462 2275 639 2308 nomen
664 2276 763 2308 non
781 2260 1136 2323 praeponitur,
1170 2261 1252 2308 aio
1280 2259 1336 2307 id
1360 2260 1529 2324 ipsum
1554 2275 1730 2308 nomen
1757 2276 1816 2308 ne
1840 2259 2030 2308 duobus

177 2346 379 2412 quidem
410 2345 664 2410 opusculis
695 2346 748 2392 in
781 2344 862 2393 his
900 2345 1038 2394 codd.
1058 2347 1326 2410 praeponi,
1368 2362 1494 2410 quae
1524 2363 1555 2394 a
1589 2344 1861 2395 Sirmondo
1892 2346 2029 2395 edita

176 2431 301 2494 dimi,
343 2447 563 2498 quaeque
608 2431 862 2480 Victorini
900 2431 1007 2480 sine
1045 2431 1196 2480 dubio
1235 2435 1367 2480 sunt.
1409 2428 1533 2476 alias
1575 2428 1754 2476 horum
1796 2428 2026 2477 codicum

174 2516 342 2578 partes
374 2528 506 2562 nunc
540 2512 792 2578 omitto1');
826 2512 990 2576 prima
1020 2528 1133 2576 pars
1168 2513 1318 2578 digna
1351 2515 1444 2571 est,
1480 2529 1607 2577 quae
1635 2513 2028 2578 diligentissime

173 2599 487 2663 inspiciatur.
534 2614 648 2648 nam
694 2598 897 2661 praeuia
943 2599 1240 2663 Hieronymi
1288 2600 1523 2662 epistula,
1574 2615 1700 2662 quae
1739 2603 1910 2649 notam
1957 2616 2028 2650 re-

176 2684 462 2734 censionem
512 2684 733 2734 indicare
785 2684 1006 2745 uidetur,
1056 2699 1364 2748 quamquam
1417 2685 1645 2751 Angelus
1685 2685 1789 2734 Mai
1839 2701 1897 2735 ea
1946 2686 2029 2734 de-

175 2774 354 2834 ceptus
401 2773 596 2820 textum
651 2771 1002 2820 commentarii
1047 2771 1095 2820 in
1145 2771 1492 2835 apocalypsim
1539 2771 1746 2820 minime
1792 2771 2028 2834 respexit,

175 2872 270 2905 non
311 2859 483 2920 potest
529 2856 588 2906 de
634 2858 774 2905 textu
822 2857 935 2920 ipso
984 2857 1347 2921 praeiudicare,
1391 2857 1536 2906 cuius
1584 2857 1799 2906 formam
1840 2858 2027 2906 summi

174 2942 417 2992 momenti
457 2957 567 2992 esse
608 2942 784 2992 statim
826 2942 1133 2992 uidebimus.

246 3082 276 3134 1)
309 3083 372 3125 Cf.
399 3083 507 3125 lust.
533 3083 754 3136 Woehrer,
787 3082 977 3125 Studien
999 3097 1054 3125 eu
1078 3083 1260 3125 Marius
1293 3084 1558 3125 Victorinus.
1590 3083 1920 3125 Jahresbericht
1953 3083 2027 3124 des

173 3154 353 3195 Privat-
366 3153 646 3208 Unteryymn.
676 3167 732 3195 zu
769 3154 1015 3208 Wilheriny
1045 3156 1180 3208 1905,
1220 3170 1260 3209 p.
1287 3155 1339 3196 38
1387 3168 1480 3209 sqq.
1514 3154 1723 3195 Woehrer
1755 3155 2025 3208 argumentis

172 3238 321 3278 parum
344 3225 643 3279 probabilibus
669 3225 967 3267 demonstrare
1000 3226 1150 3267 studet
1183 3225 1404 3267 Victorino
1438 3226 1752 3268 Petauionensi
1776 3240 1861 3267 non
1887 3226 2024 3266 solum

173 3297 530 3337 commentarium
554 3297 598 3336 in
625 3297 930 3351 apocalypsim,
963 3297 1040 3339 sed
1064 3298 1194 3339 etiam
1223 3298 1305 3339 duo
1339 3298 1548 3352 opuscula
1571 3297 1623 3339 de
1649 3297 1793 3339 uerbis
1817 3310 2024 3351 geneseos

174 3371 217 3408 et
249 3367 300 3408 (lc
332 3367 522 3422 physicis
555 3368 837 3410 attribuenda
870 3383 976 3410 esse.
