2470 3718
745 227 1487 284 ProlegomenaIIIBIa.
1936 215 2048 264 XLI

259 391 326 443 96,
360 391 384 431 9
444 390 590 430 Iesum
612 388 890 430 Christum..
913 400 1064 428 ..ςαηο-
1097 406 1149 421 z
1214 389 1281 439 97,
1314 389 1337 426 8
1404 386 1704 429 Christum...
1743 386 1947 438 effudisse
1969 385 2053 437 spi-

449 465 538 501 tum
572 460 797 501 (lentinum
830 463 867 500 et
899 460 1063 513 sibynas
1396 458 1528 498 -reftnm
1561 462 1777 506 sanctum,
1819 457 1985 498 donum
2017 461 2054 497 et

449 531 787 573 inmortalitatis
1389 529 1558 582 [Ji-quus
1592 528 1931 569 immortalitatis

261 605 327 656 96,
364 605 414 645 13
446 604 522 656 qui
551 603 656 644 haec
688 602 938 655 confitetur:
985 601 1059 642 do-
1094 620 1147 636 =
1210 604 1275 653 97,
1312 602 1362 640 152
1396 600 1471 654 qut
1503 601 1618 642 hauc
1648 600 1783 653 fidem
1823 599 2057 652 confitetur

449 676 614 715 ›niuum
646 678 684 715 et
720 673 943 714 Christum
976 673 1067 713 eius

448 745 651 800 (formula
676 744 778 785 fidei
809 744 1029 795 binitaris)

262 820 330 871 98,
365 818 415 860 16
447 822 633 869 utroque
664 816 821 857 diuino
1098 834 1149 848 z
1213 817 1279 865 99,
1314 817 1366 854 19
1401 815 1577 854 uerbum
1612 814 1679 855 «lei
1713 827 1849 854 ecerat&

234 891 330 942 106,
366 891 416 930 12
448 894 545 932 erat
623 888 805 941 spiritus
895 900 1067 928 carnem
1100 906 1152 921 :z
1186 888 1282 939 107,
1315 890 1367 926 15
1399 891 1495 928 errat
1515 884 2058 936 Christuscarnemsump-

448 964 702 1012 sumptmus
1401 962 1528 1000 turus

277 1076 572 1127 Victorinus
605 1078 662 1125 ut
700 1076 897 1125 nullum
941 1074 1209 1125 discrimen
1264 1090 1376 1124 esse
1417 1073 1592 1124 docuit
1630 1073 1761 1122 inter
1800 1070 2059 1121 Christum

207 1163 628 1227 praeexistentem
675 1165 726 1211 et
766 1161 1003 1225 spiritum
1043 1163 1292 1221 sanctum,
1333 1160 1405 1210 ita
1443 1159 1817 1210 Antichristum
1860 1171 2061 1222 quoque

208 1249 422 1299 eundem
456 1263 568 1298 esse
609 1248 844 1311 opinatus
887 1250 980 1306 est,
1030 1263 1178 1311 quem
1224 1246 1474 1310 scriptura
1514 1245 1633 1295 alibi
1679 1244 1938 1294 diabolum
1978 1259 2061 1292 no-

208 1335 382 1385 minat.
423 1334 643 1399 legimus
678 1333 809 1383 enim
849 1350 897 1397 p.
928 1335 1044 1393 114,
1088 1334 1153 1382 10
1193 1332 1369 1383 iactari
1407 1332 1777 1382 Antichristum
1822 1330 1880 1379 de
1923 1330 2062 1379 caelo

210 1424 258 1470 et
297 1421 503 1486 angelos
550 1421 757 1485 refugas
805 1420 1091 1480 uniuerSOS,
1141 1434 1355 1483 quorum
1403 1418 1500 1468 dux
1541 1420 1590 1467 et
1638 1419 1791 1480 caput
1835 1415 1919 1465 ille
1962 1418 2060 1465 est:

208 1510 387 1570 postea
426 1505 796 1555 Antichristum
834 1505 892 1555 de
934 1506 1071 1555 caelo
1105 1505 1151 1553 in
1192 1504 1440 1554 infernum
1483 1504 1729 1553 iactatum
1773 1502 1831 1550 de
1870 1499 2063 1550 inferno

211 1592 463 1642 suscitari.
499 1591 844 1656 Hieronymus
872 1595 1043 1642 autem
1077 1591 1287 1656 negauit
1319 1590 1576 1640 diabolum
1612 1592 1662 1639 et
1691 1587 2062 1638 Antichristum

211 1677 426 1728 eundem
468 1693 596 1738 esse,
640 1677 728 1727 sed
767 1677 1140 1728 Antichristum
1183 1692 1339 1726 unum
1381 1676 1441 1725 de
1479 1674 1773 1725 hominibus
1823 1689 1933 1722 esse
1983 1673 2066 1721 do-

213 1764 334 1825 cuit,
381 1764 430 1813 in
471 1780 571 1829 quo
616 1767 759 1815 totus
808 1766 1009 1814 satanas
1063 1764 1388 1814 habitaturus
1437 1764 1576 1812 esset
1621 1759 1950 1824 corporaliter
1982 1758 2065 1821 (cf.

212 1851 328 1899 test.
361 1865 408 1912 p.
440 1849 554 1912 115,
597 1849 702 1917 14).
745 1865 897 1914 quare
936 1867 984 1915 p.
1016 1850 1132 1910 115,
1171 1849 1234 1898 14
1260 1869 1373 1902 eum
1419 1846 1496 1914 (id
1538 1850 1616 1897 est
1654 1851 1922 1900 draconem
1963 1866 2068 1897 ma-

210 1934 389 2004 smana)
429 1951 518 1999 pro
567 1951 694 1986 uoce
740 1936 1044 1986 Antichristi
1088 1935 1263 1999 posuit
1312 1937 1464 1998 atque
1513 1933 1684 1984 addita
1728 1931 1979 1996 particula
2024 1939 2070 1983 et

216 2021 463 2071 Victorini
498 2021 797 2071 sententiam
824 2021 1038 2072 correxit
1068 2020 1133 2085 (p.
1157 2021 1382 2081 115,16;
1424 2026 1494 2073 sic
1525 2027 1570 2073 et
1601 2022 1980 2072 Antichristnm
2011 2020 2071 2068 (le

218 2112 421 2175 inferno
459 2113 701 2162 suscitari
739 2111 939 2161 Paulus
977 2113 1232 2177 apostolus
1269 2108 1379 2173 att).

290 2237 342 2304 ὁ)
396 2239 859 2304 Hieronymus
901 2238 1160 2299 omisit,
1218 2252 1386 2301 quae
1442 2236 1495 2286 ei
1556 2232 2069 2298 displicebant:

222 2323 571 2388 imprimis
621 2325 844 2375 omnia
899 2324 1262 2376 chiliasmi
1308 2322 1630 2388 uestigia
1677 2319 1963 2370 deleuit.

295 2437 441 2499 Quod
495 2439 838 2505 Hieronymus
885 2440 934 2489 in
981 2442 1193 2505 prologo
1248 2437 1603 2503 pronuntiauit
1649 2452 1676 2485 a
1723 2435 1887 2486 crucis
1928 2434 2074 2499 signo

221 2540 385 2590 usque
410 2525 473 2575 ad
496 2525 647 2576 finem
671 2526 947 2576 uoluminis
974 2526 1143 2576 omnia
1167 2525 1340 2575 addita
1364 2540 1492 2585 esse,
1527 2523 1570 2574 si
1596 2522 1706 2573 eius
1730 2520 2073 2571 recensionem

223 2627 339 2661 cum
365 2611 587 2662 editione
619 2612 867 2662 Victorini
893 2627 1171 2676 compares,
1205 2610 1545 2662 confirmatur.
1579 2609 1874 2673 priusquam
1903 2609 2072 2655 autem

224 2697 444 2757 adderet,
486 2697 701 2748 abstulit·
740 2714 812 2760 ea,
862 2713 989 2762 quae
1035 2696 1329 2748 Victorinus
1376 2695 1656 2747 secundum
1703 2694 1928 2743 litteram
1967 2707 2074 2741 sen-

225 2786 372 2846 serat,
408 2785 672 2848 totamque
706 2784 1036 2850 expositionis
1069 2786 1262 2849 partem
1299 2799 1326 2833 a
1355 2782 1549 2833 uerbis:
1591 2786 1735 2835 cuias
1765 2785 1821 2832 ‘in
1854 2782 2076 2831 aduentu

225 2890 394 2924 omnes
432 2875 729 2940 colliyentur
776 2870 844 2937 (p.
875 2871 992 2932 138,
1037 2870 1088 2936 1)
1139 2885 1302 2934 usque
1341 2868 1404 2919 ad
1441 2868 1591 2918 finem
1628 2869 1691 2931 (p.
1722 2866 1836 2928 154,
1878 2862 1969 2929 18)
2007 2864 2075 2912 ita

226 2957 582 3019 praetermisit,
622 2958 679 3006 ut
709 2955 807 3006 duo
840 2956 1129 3022 fragmenta
1159 2957 1209 3005 in
1243 2970 1388 3006 suam
1419 2953 1887 3018 interpretationem
1920 2953 2077 3000 trans-

228 3041 393 3092 ferret.
440 3057 555 3092 nam
611 3045 661 3094 et
714 3057 818 3108 cap.
863 3043 946 3103 15,
997 3044 1027 3092 2
1074 3040 1467 3106 explicationem
1512 3039 1578 3104 (p.
1615 3038 1732 3097 137,
1778 3034 1975 3102 9—12)
2023 3050 2079 3084 ex

229 3127 477 3179 Victorini
518 3131 782 3194 segmento
825 3128 1110 3179 chiliastico
1152 3126 1470 3193 deprompsit
1502 3128 1592 3189 (=
1632 3142 1677 3190 p.
1706 3125 1823 3184 152,
1867 3123 2079 3182 8-.11)·,

231 3217 282 3265 et
319 3214 381 3265 ad
426 3229 532 3279 cap.
559 3215 641 3276 19,
689 3215 752 3264 ll
791 3213 1225 3280 interpretandum
1264 3211 1334 3279 (p.
1365 3212 1482 3271 139,
1533 3212 1692 3274 1—4)
1733 3225 1790 3260 ea
1828 3207 2078 3265 adhibuit,

232 3316 360 3366 quae
411 3300 708 3351 Victorinus
762 3300 930 3351 media
973 3299 1023 3349 in
1077 3301 1220 3363 parte
1274 3300 1514 3363 suspecta
1567 3294 1918 3347 commentarii
1969 3306 2083 3357 pro-

232 3390 472 3452 posuerat·
519 3387 604 3449 (=
650 3402 696 3450 p.
725 3386 841 3448 148,
883 3386 1128 3450 14—17).
1186 3384 1275 3434 sed
1320 3383 1371 3434 in
1420 3383 1509 3445 eiS,
1565 3397 1693 3447 quae
1738 3382 2084 3444 Hieronymus
