2470 3718
315 95 418 143 104
851 88 1040 131 Editio
1075 88 1352 130 Victorini
1384 88 1447 130 XI
1481 89 1654 131 5—-XII
1689 90 1726 133 1.

315 252 465 318 sequi
509 253 715 317 oportet
753 250 1114 317 propheticam
1154 249 1593 317 praedicationem
1635 251 1686 300 et
1731 250 2052 317 intellegere,
2095 268 2221 318 quo—

316 341 453 391 niam
496 339 713 406 spiritus
755 341 967 390 sanctus
1011 354 1190 405 sparse
1229 337 1496 404 praedicat
1536 340 1588 389 et
1627 341 1986 404 praeposterat
2026 341 2078 390 et
2107 356 2219 406 per-

315 428 476 479 currit
516 443 684 494 usque
725 427 790 479 ad
824 426 1176 478 nouissimum
1210 428 1435 493 tempus.
1469 441 1650 477 rursus
1684 429 1920 492 tempora
1953 428 2223 494 superiora

312 515 519 582 repetit,
564 519 615 568 et
657 515 899 581 quoniam
950 514 1088 580 quod
1128 513 1362 565 facturus
1404 516 1486 565 est
1526 514 1705 576 semel,
1747 514 2027 580 aliquoties
2070 516 2218 581 quasi

312 605 509 656 factum
547 619 663 655 esse
698 603 928 656 ostendit
961 634 1030 639 —
1065 603 1205 669 quod
1238 602 1341 654 nisi
1373 602 1651 671 intellegas
1686 603 1965 669 aliquoties
2001 603 2219 667 dictum,
2275 620 2302 653 5

314 709 413 744 non
455 692 735 759 aliquoties
769 692 1027 753 futurum,
1061 691 1113 741 in
1150 690 1398 758 grandem
1442 690 1715 758 caliginem
1755 691 1943 742 incidis
1977 722 2063 754 —‚
2098 707 2221 759 ergo

313 780 675 847 interpretatio
734 778 1067 846 sequentium
1128 778 1390 829 dictorum
1444 779 1495 829 in
1554 794 1612 830 eo
1671 778 1950 841 constabit,
2007 782 2067 830 ut
2120 795 2218 830 non

315 869 438 921 ordo
478 869 723 920 lectionis
766 868 860 919 sed
898 866 1113 918 rationis
1153 866 1509 933 intellegatur.

54 942 279 1010 611,19
388 958 709 1023 Apertum
769 972 882 1007 esse
939 956 1261 1021 templum
1320 955 1424 1006 dei
1489 955 1660 1021 quod
1724 958 1827 1006 est
1888 956 1950 1005 in
2008 956 2220 1006 caelo:

316 1045 570 1114 apparitio
607 1044 801 1096 domini
834 1044 999 1095 nostri
1033 1046 1130 1095 est.
1164 1045 1420 1110 templum
1457 1043 1537 1094 dei
1571 1043 1712 1094 filius
1745 1043 1916 1110 ipsius
1952 1045 2048 1105 est,
2083 1043 2223 1094 sicut
2256 1061 2305 1093 10.

314 1136 428 1201 ipse
479 1135 575 1186 ait:
628 1133 885 1185 soluite
933 1133 1253 1199 templum
1306 1134 1425 1184 hoc
1476 1135 1538 1183 et
1586 1135 1647 1183 in
1696 1132 1921 1183 tribus
1980 1131 2221 1183 diebus

316 1223 667 1275 suscitabo
710 1222 909 1282 illud;
948 1224 999 1273 et
1040 1221 1339 1273 dicentibus
1381 1220 1580 1272 Iudeis:
1626 1220 2081 1288 quadraginta
2117 1236 2222 1271 sex

317 1312 506 1362 annis
564 1310 1006 1362 aedificatum
1057 1312 1175 1372 est,
1226 1307 1400 1379 [unde]
1451 1309 1524 1360 ait
1572 1309 1918 1377 euangelista:
1967 1309 2089 1359 ille
2148 1308 2222 1359 de

124 1406 191 1459 11,
229 1406 280 1448 19
314 1401 567 1465 templo
618 1400 923 1467 corporis
967 1399 1255 1450 dicebat.
1298 1413 1444 1449 arca
1494 1398 1921 1449 testamenti:
1959 1397 2221 1465 euangelii

314 1488 632 1553 praedicatio
690 1491 742 1539 et
794 1487 1125 1555 indulgentia
1181 1487 1491 1539 delictorum
1541 1490 1592 1537 et
1641 1487 1813 1538 omnia
1861 1502 2221 1551 quaecumque
2256 1505 2307 1537 15

315 1577 487 1643 <cum>
528 1577 619 1627 illo
662 1576 1000 1638 aduenerunt‚
1041 1575 1176 1627 illud
1217 1575 1345 1626 dicit
1385 1575 1707 1642 apparuisse.

1143 1750 1268 1795 CAP.
1302 1750 1402 1793 XII.

22 1850 284 1913 112‚1.2
394 1856 643 1907 Mulier
690 1859 865 1908 autem
915 1856 1160 1908 amicta
1208 1856 1349 1907 sole
1409 1858 1472 1906 et
1526 1856 1681 1906 luna
1739 1854 1857 1906 sub
1915 1853 2223 1921 pedibuS,

322 1945 567 1996 habens
613 1961 915 1997 coronam
961 1945 1324 1996 stellarum
1361 1945 1476 2005 XII,
1511 1943 1903 2010 parturiens
1944 1943 2005 1993 in
2049 1942 2226 1992 dolo-

474 2118 524 2161 11
562 2118 658 2159 Ioh.
692 2117 731 2169 2,
771 2117 939 2159 19—21

384 2221 410 2261 2
444 2233 595 2276 sparse
630 2240 684 2256 z
712 2218 989 2275 ἐσπαρμένους
1021 2220 1097 2262 uel
1129 2217 1348 2275 σποράδην
1410 2219 1436 2261 8
1462 2218 1669 2261 lectionis
1701 2217 1874 2272 scripsi,
1909 2217 2164 2259 dilectionis
2187 2216 2231 2258 A

328 2295 382 2337 13
417 2293 537 2336 unde
569 2294 699 2336 uncis
731 2293 899 2335 inclusi
991 2292 1045 2335 16
1082 2306 1178 2336 cum
1211 2306 1294 2335 om.
1327 2292 1371 2334 A
