2470 3718
318 230 494 280 XXIV
974 239 1585 295 Prolegomena13.

320 422 445 457 num
478 408 621 456 recta
647 405 733 470 sit,
768 405 1050 471 quaeritur.
1080 405 1210 455 haec
1243 403 1379 454 enim
1415 406 1537 454 sunt
1571 402 1961 454 consideranda:
1998 403 2048 471 a)
2074 401 2231 453 Illius

319 493 730 561 computationis
762 509 883 558 pars
918 492 1181 559 antiquior
1214 491 1554 543 discernenda
1588 494 1668 542 est
1701 505 1729 540 a
1753 493 1898 556 parte
1930 490 2231 542 recentiore.

321 582 483 647 partis
504 585 681 633 autem
702 581 1013 647 antiquioris
1032 581 1299 647 proprium
1321 583 1401 630 est
1420 595 1579 630 annos
1599 578 1805 629 nomine
1824 578 1979 629 unius
2000 577 2231 630 consulis

322 670 595 738 designare
629 668 888 742 (Szclpitio
925 674 1202 725 Camerino
1236 673 1455 736 consule,
1502 672 1711 722 'Valerio
1737 671 1975 721 Asiatico
2001 671 2202 721 consule
2218 690 2234 731 ,·

318 758 579 824 particula
603 767 650 814 et
676 773 845 810 errore
873 758 1075 809 scribae
1094 756 1399 823 posterioris
1427 772 1611 807 nomen
1643 754 1875 806 consulis
1902 755 2232 819 interrumpi-

319 846 444 915 tur).
484 846 630 913 atqui
655 847 857 914 primus
884 845 1080 897 Valerii
1107 844 1327 896 Asiatici
1362 844 1687 904 consulatuS,
1729 859 1828 894 non
1864 842 2124 893 secundus
2159 842 2232 892 111-

318 936 649 1004 tellegendus
671 938 767 997 est,
790 951 945 999 quem
966 934 1163 985 scimus
1183 933 1232 983 in
1252 936 1490 998 tempora
1510 931 1779 999 Caligulae
1800 946 1929 981 anno
1951 932 2013 980 41
2038 930 2233 981 mortui

322 1025 573 1076 cecidisse
599 1023 689 1092 (cf.
708 1024 891 1090 Pauly,
910 1026 1244 1094 Realeneylrl.
1271 1022 1358 1083 VI,
1379 1022 1533 1085 1552,
1559 1037 1605 1086 p.
1626 1018 1810 1087 2359).
1839 1020 1883 1071 si
1903 1019 2066 1086 igitur
2084 1019 2232 1069 Iesus

321 1116 439 1164 ante
465 1129 655 1164 annum
675 1115 741 1164 41
765 1113 1061 1177 baptizatus
1084 1114 1179 1172 est,
1198 1109 1563 1161 testimonium
1586 1109 1695 1160 cod.
1714 1107 1959 1160 Patauini
1984 1106 2236 1173 probatur

317 1203 453 1254 inter
486 1202 623 1254 diem
657 1200 956 1252 natiuitatis
983 1199 1180 1251 domini
1207 1214 1337 1249 anno
1367 1200 1396 1248 9
1425 1197 1534 1249 nati
1568 1201 1619 1248 et
1650 1197 1946 1263 passionem
1978 1211 2136 1247 annos
2165 1196 2232 1245 32

316 1290 637 1342 interfuisse.
663 1289 785 1340 111110
805 1292 979 1340 autem
999 1288 1201 1339 calculo
1228 1287 1492 1353 posterius
1510 1286 1788 1353 fragmenti
1817 1284 2233 1336 additamentum

320 1378 647 1440 contradicit,
691 1377 828 1444 quod
867 1377 1164 1444 passionem
1206 1376 1324 1426 lesu
1367 1376 1416 1426 111
1462 1391 1650 1426 annum
1686 1375 1754 1425 58
1796 1374 2075 1439 utriusque
2118 1388 2232 1424 con—

321 1468 452 1520 sulis
495 1467 701 1518 nomine
744 1466 1076 1534 designatum
1112 1464 1404 1517 constituit.
1449 1494 1519 1500 —-
1559 1462 1616 1531 b)
1658 1461 1912 1514 Victorini
1955 1463 2091 1513 certe
2133 1476 2233 1512 non

318 1558 565 1609 intererat
607 1555 1053 1621 computationem
1095 1569 1344 1605 annorum
1387 1567 1690 1619 proponere,
1738 1551 1830 1602 sed
1871 1567 1972 1617 quo
2017 1551 2098 1601 die
2148 1550 2233 1600 uel

320 1663 421 1712 qua
444 1646 573 1697 feria
594 1645 900 1704 incarnatiO,
934 1642 1130 1709 passio,
1164 1642 1475 1692 resurrectio
1510 1642 1631 1692 lesu
1667 1640 1864 1692 Christi
1899 1639 2234 1690 celebrandae

319 1737 439 1798 sint,
480 1734 724 1786 indicere.
766 1735 875 1784 arto
913 1732 1049 1783 enim
1090 1731 1499 1797 propinquitatis
1541 1729 1767 1791 uincuIO,
1807 1728 1861 1779 id
1904 1728 2042 1794 quod
2083 1742 2233 1778 nemo

319 1824 489 1875 adhuc
523 1821 911 1883 animaduertit,
948 1820 1204 1872 Victorini
1239 1822 1496 1870 tractatus
1533 1818 1594 1869 de
1629 1818 1826 1869 fabrica
1859 1817 2055 1879 mundi,
2093 1831 2237 1883 prae-

319 1913 500 1965 sertim
545 1927 587 1963 c.
616 1912 647 1962 9
690 1909 764 1978 (p.
793 1910 865 1979 8),
909 1913 960 1962 et
1000 1909 1281 1976 fragmenti
1331 1908 1494 1959 nostri
1537 1907 1653 1958 finis
1695 1907 1830 1958 inter
1872 1922 1927 1956 se
1972 1905 2236 1957 coniuncti

319 2005 456 2053 sunt.
499 2004 654 2066 atque
688 2003 749 2050 ut
778 1999 889 2050 illic
926 1998 1197 2051 ostendere
1233 1999 1450 2048 conatus
1494 2001 1595 2047 est:
1639 2017 1697 2050 ea
1731 2000 1813 2050 (lie
1853 1998 2102 2049 Gelu-asbel
2141 2016 2235 2049 αη-

314 2095 488 2163 yelemi
550 2093 761 2145 Mariae
815 2094 1018 2161 uirqzssm
1076 2092 1476 2159 ezcaizyelizasse,
1542 2107 1646 2158 (seia
1709 2090 1792 2139 die
1847 2089 2004 2139 draeo
2060 2088 2235 2138 Euam

317 2185 550 2247 sedztoeit;
589 2183 768 2234 eadem
807 2182 891 2232 die
931 2198 1035 2232 esse
1077 2176 1404 2242 (Christum)
1432 2196 1670 2246 passum,
1707 2195 1809 2246 qua
1844 2178 2021 2228 Adam
2054 2176 2235 2227 cecidit

318 2267 390 2337 (p.
421 2269 469 2335 8,
517 2269 582 2318 10
625 2266 856 2335 sq.,18),
907 2266 981 2317 ita
1022 2266 1107 2317 hic
1140 2265 1288 2315 breui
1340 2263 1645 2329 compendio
1688 2262 1862 2314 docet:
1892 2266 2047 2332 feria
2091 2269 2236 2317 secvta

317 2363 690 2424 (annunciatus,
728 2359 885 2426 feria
927 2363 1071 2410 seoeta
1108 2375 1316 2425 passus.
1359 2353 1449 2404 sed
1488 2353 1706 2419 longum
1750 2354 1831 2402 est
1872 2351 2061 2414 omnia,
2104 2366 2234 2416 quae

318 2447 421 2499 11110
461 2445 742 2512 pertinent,
780 2445 878 2495 hoc
920 2446 1034 2495 loco
1076 2458 1398 2510 percensere.

396 2593 487 2662 10)
541 2592 906 2644 Victorini
965 2589 1532 2643 commentarius
1589 2588 1653 2638 in
1700 2586 2231 2655 Apocalypsim.

390 2711 542 2763 Nunc
570 2712 813 2763 uenimus
842 2712 905 2762 ad
927 2726 1047 2762 eum
1075 2709 1525 2770 commentarium,
1555 2707 1644 2774 qui
1675 2711 1734 2758 ut
1759 2710 1879 2774 post
1898 2709 1978 2758 tot
2006 2706 2233 2767 saecula,

317 2802 507 2867 quibus
540 2801 790 2866 primaria
817 2801 929 2852 eius
958 2802 1124 2851 forma
1156 2798 1257 2850 nisi
1293 2797 1354 2849 ab
1381 2797 1700 2863 Hieronymo
1730 2795 1884 2847 ualde
1912 2797 2235 2846 commutata

317 2894 473 2955 atque
519 2890 571 2940 in
614 2890 934 2940 contrarium
985 2887 1197 2940 redacta
1237 2888 1362 2937 nota
1400 2901 1500 2937 non
1545 2888 1668 2947 erat,
1710 2885 1987 2950 genuinus,
2030 2883 2237 2948 integer

314 2976 700 3044 incolumisque
733 2977 1154 3040 resuscitaretur,
1196 2978 1376 3026 auctor
1417 2975 1573 3025 huius
1615 2973 1737 3023 libri
1777 2988 1868 3038 per
1910 2971 2109 3022 multos
2151 2987 2235 3020 an—

316 3083 411 3119 nos
461 3082 670 3132 operam
721 3065 882 3118 dedit.
940 3064 1209 3132 quaeritur
1257 3065 1450 3127 autem,
1506 3064 1683 3113 utrum
1738 3060 2101 3123 CassiodorUS,
2144 3059 2235 3125 qui

315 3156 427 3207 eius
463 3155 776 3206 mentionem
814 3154 953 3216 fecit,
983 3153 1268 3205 editionem
1295 3150 1553 3203 Victorini
1586 3150 1756 3217 ipsam
1791 3166 1852 3200 an
1879 3149 2231 3201 recensionem

313 3243 621 3310 Hieronymi
653 3244 703 3294 in
737 3246 987 3311 promptu
1012 3241 1270 3295 habuerit.
1307 3240 1491 3292 scribit
1525 3239 1661 3291 enirn
1696 3239 1758 3289 de
1786 3238 1906 3289 inst.
1933 3237 2041 3288 diu.
2068 3237 2169 3287 litt.
2198 3236 2229 3285 9

317 3333 468 3388 haec:
528 3336 881 3404 Apoealypsis
926 3353 1066 3400 uero,
1124 3352 1255 3404 quae
1302 3335 1530 3385 studiose
1586 3333 1865 3401 leyentium
1913 3332 2117 3382 <azimos
2163 3329 2235 3379 ad

316 3442 607 3493 supernam
639 3426 1125 3493 contemplationem
1150 3423 1360 3475 deducit
1391 3426 1438 3474 et
1463 3423 1614 3489 facit
1645 3425 1812 3471 ‘mente
1843 3436 2062 3483 eernere,
2098 3417 2234 3486 quod

317 3514 491 3582 anyeli
537 3513 766 3564 molendo
810 3514 946 3564 beati
990 3517 1129 3578 sunt,
1196 3513 1366 3563 saneti
1407 3510 1722 3578 Hieronymi
1761 3510 2081 3577 earpositioue
2121 3522 2234 3556 con·
