2470 3718
757 198 1208 251 prolegomena
1252 195 1506 236 Illssla.
1898 181 2060 230 XLIII

214 359 505 409 Victorinus
531 356 959 407 animaduerterat
975 354 1299 418 repetitiones
1324 353 1431 402 fieri
1456 353 1504 401 in
1532 351 1822 416 apocalypsi
1849 366 2060 414 eamque

212 445 348 494 idem
371 444 590 508 primum
615 458 704 506 per
727 443 894 501 tubae,
921 440 1097 490 deinde
1124 439 1394 503 repetendo
1414 453 1503 502 per
1521 438 1662 487 fialas
1689 436 1973 502 significare
1992 465 2060 470 —

215 550 314 583 non
346 534 493 600 quasi
515 533 727 598 farctum
758 547 859 581 esse
890 531 1042 592 dieat,
1083 529 1169 578 sed
1201 529 1441 594 quoniam
1473 528 1621 577 sem-el
1652 527 1783 593 quod
1807 526 2056 590 futurum

214 625 287 670 est
332 619 400 669 ad
444 636 536 682 eos,
586 619 838 668 decretum
881 620 953 666 est
997 616 1068 664 eis
1113 619 1168 663 ul
1200 615 1321 678 fiat,
1368 614 1478 663 ideo
1525 614 1600 662 bis
1646 613 1836 662 dicitur
1882 607 1949 673 (p.
1978 609 2061 667 84,

219 702 444 761 15-86,
483 699 551 765 1);
593 699 800 749 eandem
834 697 1135 748 sententiam
1167 696 1509 760 Hieronymus
1543 694 1819 744 dilucidare
1852 697 2062 743 conatus

215 790 295 836 est
333 786 565 837 dicendo:
614 805 710 838 non
756 788 904 854 quasi
949 788 1024 836 bis
1055 786 1266 850 factum
1312 786 1450 847 dicu,
1499 784 1585 835 seul
1631 785 1871 850 quoniam
1916 785 2064 832 semel

201 877 456 941 futurum
494 880 580 938 est,
621 875 752 941 quod
788 878 861 923 est
891 892 922 922 a
954 873 1040 922 deo
1079 873 1330 922 decretum
1370 875 1425 920 ul
1450 872 1570 935 fiat,
1609 871 1720 919 ideo
1760 870 1835 919 bis
1873 870 2065 918 dieitur

217 957 284 1024 (p.
311 960 394 1017 85,
432 957 657 1017 17-87,
697 955 762 1022 1).
802 955 1092 1005 Victorinus
1125 958 1316 1019 martyr
1347 968 1548 1018 gnarus,
1581 954 1767 1016 quanta
1800 951 2063 1001 atrocitate

215 1044 398 1110 pagani
423 1043 666 1093 aduersus
691 1057 870 1091 uerum
897 1040 1047 1090 deum
1071 1041 1372 1105 pugnarent,
1406 1038 1699 1103 scripserat:
1732 1045 2065 1106 exasperatur

215 1135 353 1196 deus,
393 1133 525 1199 quod
561 1132 700 1181 idola
739 1131 970 1179 colantur
1009 1123 1083 1191 (p.
1113 1125 1229 1183 130,
1279 1123 1463 1191 5—6);
1513 1123 1854 1187 Hieronymus
1896 1125 2061 1171 autem

216 1231 410 1265 memor
446 1216 579 1263 intra
615 1214 779 1277 ipsam
825 1211 1092 1261 ecclesiam
1139 1226 1360 1275 pugnam
1409 1212 1632 1259 exortam
1671 1224 1783 1259 esse
1823 1225 1910 1273 pro
1958 1223 2064 1257 mu-

216 1300 339 1350 tatis
378 1299 695 1363 temporibus
736 1297 952 1346 addidit:
993 1304 1326 1365 exasperatur
1364 1300 1501 1361 (leue,
1543 1299 1674 1364 quod
1707 1299 1845 1348 idola
1876 1315 1974 1364 pro
2013 1315 2065 1346 eo

217 1391 463 1451 colantur,
526 1389 606 1437 uel
666 1387 846 1453 ‹loyma
906 1386 1272 1435 leaeretieormn
1331 1387 1386 1434 in
1447 1385 1665 1434 eeclesiis
1719 1384 2066 1434 introducitur

216 1471 288 1537 (p.
319 1471 437 1535 131,
479 1468 655 1537 5—7).

287 1557 433 1607 Nunc
472 1554 708 1606 uenimus
747 1555 808 1604 ad
856 1552 1150 1616 Hieronymi
1188 1551 1535 1601 additamenta
1579 1550 1780 1601 aliunde
1821 1551 2067 1600 arcessita

217 1648 367 1708 atque
393 1643 561 1692 allata.
594 1641 814 1705 primum
841 1642 1012 1689 autem
1035 1639 1083 1687 in
1112 1653 1217 1701 cap.
1244 1639 1267 1686 1
1297 1638 1632 1701 explicatione
1657 1639 1759 1686 tres
1795 1641 2065 1686 occurrunt

215 1730 512 1793 particulae,
553 1742 679 1791 quas
721 1727 1060 1790 Hieronymus
1102 1724 1314 1782 addidit,
1356 1739 1569 1787 quarum
1618 1723 1676 1772 de
1725 1723 1919 1786 origine
1966 1722 2064 1771 dis-

217 1818 395 1879 putare
432 1814 527 1864 hoc
564 1813 678 1863 loco
718 1813 931 1877 longum
971 1812 1075 1860 est:
1115 1810 1279 1874 prima
1317 1809 1380 1858 ad
1421 1825 1523 1872 cap.
1554 1809 1598 1869 1,
1639 1810 1700 1858 14
1728 1825 1778 1858 a:
1818 1816 1863 1860 et
1901 1814 1955 1861 in
1988 1829 2067 1861 ca-

213 1906 361 1971 pillis
391 1904 522 1953 albis
557 1903 844 1952 albatorum
881 1905 953 1950 est
983 1899 1256 1949 mullitudo
1294 1900 1444 1948 lanae
1482 1899 1670 1948 similis
1692 1903 1905 1964 propter
1934 1914 2064 1955 oues,

217 1991 408 2039 ,rivulis
453 1990 568 2038 niul
597 1992 809 2054 propter
852 1985 1276 2036 innumerabilem
1325 1985 1525 2034 turbam
1572 1984 1964 2033 candidatorum
2008 1984 2068 2032 de

219 2077 352 2126 eaelo
376 2076 612 2124 datorum
636 2068 708 2136 (p.
736 2071 819 2130 21,
860 2066 1083 2134 8—10);
1112 2066 1332 2117 secunda
1365 2066 1426 2116 ad
1452 2081 1558 2129 cap.
1590 2071 1634 2125 1,
1672 2066 1735 2114 14
1761 2066 1816 2115 b:
1864 2070 2066 2118 Oculi

218 2164 369 2211 eius
415 2165 484 2210 ul
509 2160 814 2224 flamma
853 2159 873 2207 i
885 2159 1061 2224 qnia.
1098 2160 1364 2222 praecepta
1406 2157 1486 2205 clei
1526 2160 1657 2217 sunl,
1701 2171 1827 2221 quae
1866 2156 2065 2205 ereden-

218 2249 353 2297 tibus
389 2248 557 2296 lumen
588 2247 905 2307 ministrant,
943 2243 1224 2293 incredulis
1261 2242 1553 2291 incendium
1591 2239 1660 2300 (p.
1689 2239 1772 2297 21,
1818 2238 2067 2298 11—12);

219 2329 369 2379 tertia
408 2329 470 2378 ad
503 2343 609 2391 cap.
647 2328 692 2385 1,
737 2327 800 2376 13
828 2342 876 2376 c:
923 2346 1176 2378 mammae
1214 2329 1312 2378 cluo
1351 2331 1469 2377 sunl
1517 2331 1813 2376 testamenta
1852 2331 1897 2376 el
1941 2344 2065 2376 zona

218 2419 399 2468 chorus
437 2422 727 2468 sanctorum
757 2421 812 2465 ut
843 2432 1032 2466 aurum
1055 2431 1152 2481 per
1188 2416 1355 2480 iynem
1386 2414 1674 2479 probatum.
1707 2413 1860 2462 aliter
1890 2407 1960 2473 (p.
1984 2410 2068 2462 23,

219 2502 380 2566 4—63
427 2501 758 2563 subsequitur
802 2497 1049 2547 Victorini
1094 2494 1486 2561 interpretatio).
1536 2494 1737 2545 easdem
1788 2494 2067 2544 sententias

221 2586 372 2637 etiam
414 2585 548 2649 apud
591 2584 898 2635 Primasium
940 2586 990 2632 et
1035 2583 1250 2632 Beatum
1290 2581 1509 2631 inueniri
1553 2580 1603 2629 in
1646 2595 1757 2643 app.
1783 2580 1891 2630 crit.
1919 2580 2070 2629 adno-

217 2675 385 2722 tatum
426 2676 519 2722 est.

292 2758 369 2808 Ad
406 2756 839 2821 interpretandum
879 2771 983 2819 cap.
1009 2756 1056 2815 6,
1099 2757 1174 2805 56
1214 2757 1265 2804 et
1305 2755 1333 2803 6
1373 2753 1713 2817 Hieronymus
1753 2752 1875 2802 haec
1913 2752 2070 2801 uerba

221 2843 438 2893 addidit:
491 2848 780 2898 Stalera
829 2847 899 2895 in
945 2861 1171 2894 manu:
1224 2845 1355 2894 libra
1402 2843 1669 2903 effaminis,
1716 2843 1771 2891 in
1820 2859 1918 2907 qua
1966 2843 2069 2890 sin-

218 2935 459 2999 9—ulorum
495 2934 678 2982 merita
717 2933 1009 2981 ostenderet.
1049 2933 1125 2980 ait
1163 2931 1294 2980 dux:
1339 2931 1579 2978 uinum
1625 2932 1684 2978 el
1730 2928 1948 2977 oleum
1996 2944 2069 2976 ne

222 3019 544 3081 laeseris,
589 3018 647 3067 id
684 3022 756 3067 est
799 3017 1051 3067 hominem
1095 3017 1383 3082 spiritalem
1427 3031 1489 3065 ne
1526 3015 1703 3081 playis
1738 3014 2067 3079 percusseris,

221 3104 303 3154 hie
333 3109 405 3154 est
433 3120 589 3171 equus
619 3106 763 3170 niyer
792 3099 863 3167 (p.
892 3099 972 3162 71,
1007 3097 1253 3164 15-17).
1292 3098 1420 3147 hanc
1450 3095 1755 3161 particulam
1788 3111 1844 3145 ex
1876 3094 2071 3144 Ticonii

222 3185 596 3236 commentariis
636 3185 984 3249 depromptam
1024 3199 1153 3247 esse,
1193 3183 1344 3234 cuius
1381 3182 1664 3248 longiorem
1706 3179 2066 3244 expositionem

223 3272 416 3321 Beatus
456 3270 698 3328 seruauit,
745 3272 794 3320 111
842 3273 959 3321 test.
984 3286 1033 3334 p.
1061 3270 1122 3320 71
1167 3272 1217 3319 et
1258 3270 1322 3318 73
1371 3268 1771 3318 demonstratum
1818 3268 1920 3322 est;
1970 3266 2067 3315 alio

222 3358 334 3407 loco
382 3357 540 3407 latius
594 3356 654 3407 de
716 3356 922 3406 Ticonio
978 3355 1239 3420 disputaui
1293 3359 1343 3404 et
1396 3354 1456 3404 de
1510 3353 1687 3402 multis
1743 3350 2069 3410 adiumentis,
