2470 3718
186 1180 228 1211 10

182 1608 222 1641 15

656 236 914 279 Recensio
950 234 1258 289 Hieronymi
1289 234 1395 274 XIII
1428 237 1471 274 et
1501 234 1623 274 XVII
1655 234 1692 274 3.
1996 237 2095 284 125

264 392 582 462 {numerus
631 394 795 444 enirn
844 393 1125 443 hominis
1182 395 1291 452 est,
1335 394 1383 441 et
1423 407 1661 440 numerus
1705 391 1830 451 eiUS,
1872 391 2006 441 sicut
2047 406 2101 440 ex

259 481 442 530 litteris
483 480 646 545 grecis
688 481 985 543 computum
1024 478 1193 537 habet,
1236 478 1308 527 sic
1346 477 1396 526 in
1446 477 1794 540 compluribus
1842 476 2101 525 inueniun-

259 570 354 617 tur.
377 567 740 629 interpretatur
773 565 905 614 enim
937 564 1162 622 ‘Teitan',
1198 579 1346 627 quem
1381 562 1596 628 gentiles
1625 562 1793 611 Solem
1820 562 2103 611 Phoebum-

261 668 356 716 que
398 652 678 716 appellant,-
712 652 1136 715 computaturque
1185 663 1329 713 grece
1370 648 1466 697 sic:
1511 648 1555 695 Τ
1585 650 1669 696 tau
1719 647 1948 707 trecenti,
1990 647 2043 695 ,Ε
2078 662 2101 696 e

261 738 498 802 quinque,
546 737 583 786 I
620 737 725 786 iota
772 736 960 797 decem,
1004 735 1048 783 T
1084 737 1170 784 tau
1217 734 1446 792 trecenti,
1493 732 1543 780 A
1589 733 1689 782 alfa
1736 748 1909 793 unum,
1956 732 2017 781 N
2053 733 2103 781 ni

259 823 642 887 quinquaginta,
692 822 778 886 qui
825 821 977 871 simul
1032 820 1172 869 ducti
1226 819 1353 869 fiunt
1406 818 1627 868 sexcenti
1683 818 1944 883 sexaginta
2002 834 2100 868 sex.

259 911 501 973 quantum
529 908 660 958 enim
694 907 877 957 attinet
908 906 969 956 ad
998 906 1198 956 litteras
1232 919 1423 971 grecaS,
1449 905 1582 954 hunc
1606 920 1868 954 numerum
1903 920 2103 954 nornen·

258 1010 352 1058 que
408 995 621 1059 explent.
677 993 810 1057 quod
870 1007 1051 1042 nomen
1112 991 1155 1041 si
1215 991 1343 1041 uelis
1406 990 1454 1039 in
1514 990 1730 1039 latinum
1793 993 2101 1050 conuertere,

256 1079 574 1143 intellegitur
612 1093 700 1142 per
738 1077 1049 1141 antiphrasin
1091 1075 1390 1132 ‘DICLVX',
1425 1090 1551 1139 quae
1584 1075 1783 1125 litterae
1816 1075 1909 1124 hoc
1948 1074 2098 1125 modo

257 1166 637 1228 computantur:
675 1163 728 1212 D
768 1162 953 1227 quippe
994 1161 1258 1227 quingenti
1297 1161 1498 1226 figurat,
1532 1161 1569 1208 I
1594 1177 1768 1220 unum,
1809 1161 1851 1209 G
1880 1164 2098 1210 eentum.

255 1250 301 1299 L
348 1249 730 1314 quinquaginta,
790 1248 838 1297 V
877 1248 1116 1311 quinque,
1163 1245 1219 1295 X
1256 1247 1446 1308 decem,
1488 1246 1622 1310 quod
1670 1247 1980 1309 computatis
2020 1246 2100 1296 lit-

254 1335 375 1384 teris
406 1335 600 1385 faciunt
632 1333 869 1384 similiter
900 1333 1121 1383 sexcenti
1154 1332 1413 1398 sexaginta
1439 1347 1537 1381 ser.
1560 1331 1611 1380 id
1638 1331 1769 1380 enim
1797 1331 1931 1395 quod
1956 1347 2101 1396 grece

255 1424 403 1471 sonat
447 1420 642 1481 Teitan,
692 1419 733 1469 si
778 1418 935 1468 latine
981 1419 1112 1468 uelis
1158 1417 1471 1483 intellegere,
1521 1417 1707 1467 dicitur
1752 1417 1951 1477 Diclux,
2002 1432 2099 1481 quo

254 1506 453 1557 nomine
485 1521 573 1571 per
603 1504 916 1569 antiphrasin
949 1518 1183 1567 expresso
1215 1503 1565 1568 intellegimus
1589 1502 1980 1564 Antichristum,
2016 1503 2101 1567 qui

256 1607 370 1642 cum
426 1607 453 1641 a
504 1592 618 1641 luce
674 1606 893 1656 superna
944 1590 1176 1654 priuatus
1234 1591 1311 1639 est
1373 1591 1523 1651 atque
1586 1589 1837 1650 absciSUS,
1900 1592 2100 1638 trans-

253 1679 507 1744 figurat
546 1681 714 1728 tamen
757 1693 819 1726 se
858 1676 918 1725 in
976 1676 1275 1741 angelum
1318 1675 1508 1736 luciS,
1551 1675 1740 1725 audens
1782 1690 1894 1725 sese
1935 1675 2099 1724 dicere

251 1764 437 1813 lucem.

323 1850 454 1898 ltem
499 1848 787 1898 inuenimus
835 1848 883 1896 in
933 1847 1151 1912 quodam
1200 1846 1372 1897 codice
1420 1862 1567 1912 greco
1609 1847 1701 1897 ita:
1753 1845 2096 1907 ANTEMOO,

254 2058 329 2086 seu
359 2045 535 2086 tralatio
568 2044 755 2086 nominis
781 2044 927 2097 arguit
947 2043 1165 2084 hominem
1186 2044 1319 2085 istum
1343 2043 1612 2084 humanioris
1639 2056 1687 2085 ac
1708 2043 1924 2096 politioris
1950 2043 2097 2084 litera—

251 2119 376 2157 turae
410 2116 539 2170 plane
571 2115 756 2157 inscium
788 2116 936 2157 fuisse.
969 2128 1106 2168 usque
1138 2128 1186 2156 eo
1221 2115 1333 2157 enim
1364 2116 1516 2169 inepta
1546 2115 1642 2157 uisa
1674 2118 1740 2156 est
1774 2118 1817 2156 et
1848 2115 1940 2156 uiro
1968 2115 2096 2156 docto

253 2187 435 2241 indigna
472 2188 579 2229 haec
619 2187 937 2241 interpretatiO,
976 2188 1027 2227 ut
1065 2186 1193 2239 plane
1232 2187 1441 2240 suspicari
1473 2187 1652 2228 libuerit
1693 2200 1786 2228 eam
1826 2187 1870 2227 in
1900 2186 2097 2239 margine

253 2259 305 2299 ab
338 2259 539 2313 imperito
573 2259 719 2312 aliquo
753 2259 986 2311 ascriptam
1017 2258 1178 2312 potius,
1205 2272 1333 2311 quam
1366 2258 1441 2299 alii
1471 2261 1624 2312 postea
1656 2258 1947 2311 imperitiores
1981 2271 2096 2299 com-

252 2330 463 2370 mentario
497 2330 775 2379 attexuerint,
817 2343 943 2383 quam
984 2329 1036 2370 ab
1077 2331 1228 2370 autore
1259 2329 1466 2370 traditam
1497 2330 1645 2371 fuisse'
1678 2330 1923 2371 Millanius
1951 2344 1993 2381 p.
2034 2332 2094 2371 66

313 2401 428 2441 1511
453 2400 548 2442 Cor.
576 2402 643 2452 11,
673 2402 724 2442 14
785 2402 837 2443 18
860 2401 913 2454 cf.
941 2402 1102 2442 librum
1129 2402 1411 2455 yenealoyum
1437 2402 1546 2443 anni
1574 2401 1827 2442 GCOCLH
1855 2401 2097 2452 (Chronica

250 2473 425 2514 minora
470 2486 581 2514 saec.
629 2473 656 2512 1
669 2473 714 2514 V.
763 2473 811 2513 V.
858 2472 938 2513 VI.
985 2472 1110 2524 VII.,
1157 2472 1221 2513 ed.
1268 2472 1346 2514 ΤΙι.
1386 2473 1646 2524 Mommsen,
1686 2473 1775 2514 nol.
1817 2474 1855 2521 I,
1895 2472 2097 2514 Berolz'm

251 2545 386 2595 1892,
417 2556 465 2596 p.
507 2546 594 2584 194
633 2547 734 2596 sq.);
782 2543 915 2584 huius
960 2543 1064 2584 libri
1102 2547 1256 2584 coactor
1292 2557 1519 2584 numerum
1562 2546 1659 2595 616,
1708 2557 1830 2596 quem
1869 2544 2096 2585 Ticom'um

250 2615 384 2667 Apoc.
409 2617 477 2667 13,
501 2617 557 2655 18
583 2615 733 2669 le9isse
755 2615 927 2666 scimus,
951 2615 1019 2655 ita
1038 2615 1354 2668 interpretatus
1385 2621 1459 2663 esc,
1483 2621 1533 2657 ut
1558 2616 1715 2657 litteris
1745 2616 1938 2657 nominis
1968 2615 2095 2656 Anti-

253 2686 438 2727 christus
478 2700 590 2739 quae
627 2687 865 2728 secundum
905 2686 1189 2739 alphabetum
1230 2687 1419 2728 latinum
1464 2691 1746 2739 computatae
1785 2689 1873 2728 154
1916 2687 2097 2739 faciunt

252 2762 406 2809 quate-r
444 2757 585 2798 ductis
622 2758 860 2799 secundum
900 2758 1070 2799 litteras
1107 2762 1318 2810 quattuor
1354 2758 1548 2799 ‘nominis
1585 2758 1700 2800 Nero
1739 2772 1967 2800 numerum
2012 2761 2098 2800 616

252 2827 418 2880 empleri
455 2833 653 2878 censeret,
692 2829 988 2881 interpolator
1025 2833 1170 2870 autem
1217 2829 1443 2883 archetypi
1488 2830 1685 2870 codicum
1732 2829 2095 2871 Florentinorum

252 2898 364 2950 (cod.
394 2901 486 2939 623
509 2912 619 2941 saec.
639 2901 686 2940 X
702 2904 740 2940 et
756 2901 874 2953 plut.
893 2902 958 2942 20
973 2914 1017 2941 n.
1041 2903 1099 2942 54
1123 2914 1234 2942 saec.
1254 2901 1345 2944 XI)
1371 2901 1438 2942 his
1461 2901 1789 2955 uerbisper9it:
1808 2900 1893 2943 Sed
1909 2901 2015 2942 haec
2041 2900 2093 2941 ad

312 3081 328 3122 1
365 3094 568 3122 numerus
601 3082 692 3123 eius
723 3095 879 3124 nomen
910 3082 1098 3124 hominis
1130 3085 1197 3124 est
1222 3085 1265 3124 et
1288 3096 1492 3124 numerus
1524 3082 1616 3124 eius
1648 3084 1838 3124 sexcenti
1869 3083 2094 3136 sexaginta

252 3165 322 3193 sex
351 3166 379 3206 9
481 3152 506 3193 2
536 3152 702 3194 habent
729 3168 756 3207 9
870 3154 1426 3208 inueniuntur-...TeitanJ
1460 3168 1593 3194 τειταν
1626 3154 1925 3195 inueniuntur:
1960 3168 2092 3194 τειταν

253 3223 367 3265 enim
399 3222 514 3265 hunc
545 3236 767 3265 numerum
799 3224 934 3265 habet
960 3238 988 3278 9
1079 3225 1130 3266 12
1162 3224 1267 3266 facit
1294 3238 1322 3278 9
1425 3225 1554 3278 enim]
1589 3228 1654 3266 est
1681 3239 1708 3278 9
1800 3225 1850 3265 13
1883 3225 2092 3265 Teitan..

249 3294 423 3347 Diclux]
457 3293 630 3346 Teitan,
660 3307 815 3348 nempe
846 3294 890 3335 id
922 3295 1035 3349 quod
1064 3295 1201 3337 latine
1235 3295 1392 3337 dicitur
1423 3295 1636 3338 DICLVX
1667 3310 1694 3349 9
1756 3298 1806 3338 15
1839 3296 2092 3350 priuatus..

252 3363 464 3416 abscisus]
498 3362 716 3405 abscissus
748 3365 806 3405 sit
836 3366 881 3406 et
912 3378 962 3407 ea
991 3365 1188 3420 priuatus
1217 3379 1244 3419 9
1349 3365 1400 3408 18
1431 3366 1494 3407 ita
1526 3379 1604 3407 om.
1636 3379 1663 3419 9

2139 391 2203 443 13,
2239 390 2289 431 18

2134 460 2322 502 111:s
