2470 3718
329 141 427 191 138
856 143 1045 186 Editio
1080 145 1359 190 Victorini
1392 149 1635 194 XIX--XX
1671 153 1706 195 1.

320 299 383 350 ad
430 302 749 369 regnandum
799 307 1047 371 ostendit,
1098 309 1249 361 cuius
1296 310 1347 362 in
1399 313 1628 365 aduentu
1679 330 1858 367 omnes
1910 318 2222 386 colligentur

319 391 500 455 gentes
536 392 587 441 et
619 392 792 458 gladio
828 395 1030 447 cadent.
1066 400 1266 449 ceterae
1301 402 1494 463 autem,
1531 418 1662 467 quae
1695 403 1888 455 fuerint
1922 406 2220 470 nobilioreS‚

317 477 666 530 seruabantur
719 481 770 532 in
827 484 1138 536 seruitutem
1182 489 1498 551 sanctorum,
1543 506 1670 556 quas
1713 499 1764 542 et
1810 492 1952 558 ipsas
2008 495 2218 560 quidem

317 567 522 630 oportet
575 567 623 618 in
667 569 954 622 nouissimo
1011 576 1245 639 tempore
1295 580 1657 628 consummato
1707 594 1863 646 regno
1922 584 2218 634 sanctorum

317 654 432 704 ante
471 654 727 707 iudicium
767 674 949 710 rursus
992 659 1210 713 dimisso
1247 663 1451 715 diabolo
1486 665 1725 718 interfici.
1762 668 1824 719 de
1858 669 1940 721 his
1976 671 2216 724 omnibus
2271 690 2291 724 5

314 740 598 807 prophetae
642 743 803 796 simili
844 747 1000 799 modo
1044 750 1340 803 concinunt.

1138 935 1263 979 CAP.
1297 938 1390 980 XX.

17 1025 44 1076 1
88 1040 158 1094 20,
193 1041 285 1083 23
387 1031 738 1087 ‘Coccineum’
779 1041 955 1090 autem
1005 1041 1314 1093 zabulum
1362 1044 1626 1097 includi
1678 1050 1729 1098 et
1780 1064 1958 1101 omnes
2001 1052 2212 1118 angelos

310 1119 421 1171 eius
463 1123 672 1191 refugas
714 1125 764 1176 in
805 1129 1060 1179 tartarum
1104 1130 1368 1197 gehennae
1409 1133 1460 1183 in
1503 1135 1789 1187 aduentum
1832 1137 2028 1189 domini
2061 1156 2210 1192 nemo

307 1206 512 1276 ignoret
534 1210 637 1278 (et)
662 1215 783 1278 post
812 1214 957 1266 mille
992 1232 1150 1268 annos
1186 1217 1383 1270 dimitti
1415 1225 1626 1288 propter
1652 1226 1853 1289 gentes,
1883 1240 2013 1290 quae
2049 1228 2209 1278 serui·
2245 1241 2285 1275 10

307 1296 476 1347 uerint
507 1299 850 1365 Antichristo,
891 1305 952 1354 ut
990 1305 1132 1370 ipsae
1166 1307 1307 1358 solae
1342 1312 1571 1374 pereant,
1606 1312 1727 1377 quia
1769 1311 1844 1363 sic
1885 1319 2208 1377 meruerunt;

71 1392 141 1447 20,
159 1393 274 1436 4—-6
309 1384 425 1435 dein
467 1384 575 1436 fieri
623 1389 878 1442 catholice
919 1391 1191 1446 iudicium.
1233 1395 1350 1448 ideo
1394 1397 1486 1448 ait:
1537 1401 1599 1449 et
1646 1399 1976 1464 uixerunt‚
2018 1402 2208 1469 inquit,

456 1559 479 1601 3
515 1561 571 1614 cf.
610 1560 929 1607 Commodiani
960 1578 1142 1609 carmen
1176 1568 1502 1623 apoloyeticum
1533 1585 1578 1612 u.
1617 1573 1713 1613 998
1746 1572 1931 1626 (CSEL
1956 1575 2055 1616 XV
2075 1576 2209 1630 180).-

513 1633 573 1675 Et
605 1636 681 1689 qui
713 1640 1013 1690 reseruantur‚
1048 1642 1098 1682 ut
1131 1641 1330 1684 seruiant
1360 1643 1506 1695 iustis,
1542 1645 1752 1688 euadunt.

304 1705 410 1748 inde
444 1714 636 1761 apparet
673 1708 998 1755 Commodiano
1032 1713 1271 1756 edicionem
1311 1716 1536 1759 Victorini
1566 1718 1787 1774 integram
1818 1725 1975 1763 notam
1995 1723 2148 1775 fuisse

452 1782 479 1821 4
514 1780 567 1823 cf.
602 1782 738 1838 Apoc.
773 1784 842 1836 20,
877 1785 991 1828 7—9
1084 1788 1110 1830 8
1144 1787 1197 1830 cf.
1230 1787 1368 1843 Apoc.
1406 1789 1472 1844 17,
1506 1792 1552 1834 3:
1585 1791 1778 1835 bestiam
1813 1795 2064 1837 coccineam

364 1881 388 1922 8
423 1881 704 1939 Coccineum]
740 1885 793 1928 de
825 1888 1073 1931 reclusione
1107 1889 1276 1933 diaboli
1309 1890 1482 1947 dic<it>
1512 1894 1556 1936 in
1590 1896 1806 1937 tartarum
1833 1898 1878 1938 et
1903 1897 2085 1952 angelos
2113 1898 2205 1940 eius

302 1955 345 1994 A
379 1954 430 1996 in
460 1968 545 2010 my.
640 1958 693 2001 10
729 1962 773 2001 et
806 1960 971 2003 addidi
1063 1963 1117 2005 12
1152 1964 1370 2007 catholice
1395 1985 1450 2001 =
1477 1967 1724 2017 καθολικῶς
