<?xml version="1.0" encoding="UTF-8"?>
<!DOCTYPE html PUBLIC "-//W3C//DTD XHTML 1.0 Transitional//EN"
    "http://www.w3.org/TR/xhtml1/DTD/xhtml1-transitional.dtd">
<html xmlns="http://www.w3.org/1999/xhtml" xml:lang="en" lang="en">
 <head>
  <title>
</title>
<meta http-equiv="Content-Type" content="text/html;charset=utf-8" />
  <meta name='ocr-system' content='tesseract 3.04.00' />
  <meta name='ocr-capabilities' content='ocr_page ocr_carea ocr_par ocr_line ocrx_word'/>
</head>
<body>
  <div class='ocr_page' id='page_1' title='image "./victoriniepiscop49victuoft_0048.png"; bbox 0 0 2470 3718; ppageno 0'>
   <div class='ocr_carea' id='block_1_1' title="bbox 348 179 1702 247">
    <p class='ocr_par' dir='ltr' id='par_1_1' title="bbox 348 179 1702 247">
     <span class='ocr_line' id='line_1_1' title="bbox 348 179 1702 247; baseline 0.004 -17"><span class='ocrx_word' id='word_1_1' title='bbox 348 179 514 230; x_wconf 82' lang='lat' dir='ltr'>XLVI</span> <span class='ocrx_word' id='word_1_2' title='bbox 918 192 1387 247; x_wconf 84' lang='lat' dir='ltr'>Prolegomena</span> <span class='ocrx_word' id='word_1_3' title='bbox 1433 193 1702 236; x_wconf 82' lang='lat' dir='ltr'>IIIBIb.</span> 
     </span>
    </p>
   </div>
   <div class='ocr_carea' id='block_1_2' title="bbox 342 353 2312 1497">
    <p class='ocr_par' dir='ltr' id='par_1_2' title="bbox 344 353 2312 692">
     <span class='ocr_line' id='line_1_2' title="bbox 348 353 2312 431; baseline 0.003 -21"><span class='ocrx_word' id='word_1_4' title='bbox 348 364 443 410; x_wconf 86' lang='lat' dir='ltr'>tae.</span> <span class='ocrx_word' id='word_1_5' title='bbox 501 386 569 391; x_wconf 85' lang='lat'>—</span> <span class='ocrx_word' id='word_1_6' title='bbox 620 355 677 424; x_wconf 80' lang='grc'>2)</span> <span class='ocrx_word' id='word_1_7' title='bbox 723 355 814 407; x_wconf 84' lang='lat' dir='ltr'>fol.</span> <span class='ocrx_word' id='word_1_8' title='bbox 842 353 958 406; x_wconf 66' lang='lat'>472&#39;:</span> <span class='ocrx_word' id='word_1_9' title='bbox 1012 360 1267 412; x_wconf 87' lang='lat' dir='ltr'>Eiusdem</span> <span class='ocrx_word' id='word_1_10' title='bbox 1314 362 1613 427; x_wconf 70' lang='lat' dir='ltr'>explanatio</span> <span class='ocrx_word' id='word_1_11' title='bbox 1663 363 1720 412; x_wconf 89' lang='lat' dir='ltr'>in</span> <span class='ocrx_word' id='word_1_12' title='bbox 1768 362 1898 414; x_wconf 82' lang='lat' dir='ltr'>libro</span> <span class='ocrx_word' id='word_1_13' title='bbox 1937 365 2255 431; x_wconf 74' lang='lat' dir='ltr'>apocalipsis</span> <span class='ocrx_word' id='word_1_14' title='bbox 2310 392 2312 394; x_wconf 96' lang='lat'>·</span> 
     </span>
     <span class='ocr_line' id='line_1_3' title="bbox 346 443 2253 517; baseline 0.003 -20"><span class='ocrx_word' id='word_1_15' title='bbox 346 447 602 498; x_wconf 78' lang='lat' dir='ltr'>Iohannis</span> <span class='ocrx_word' id='word_1_16' title='bbox 641 448 878 513; x_wconf 71' lang='lat' dir='ltr'>apostoli.</span> <span class='ocrx_word' id='word_1_17' title='bbox 921 474 989 480; x_wconf 85' lang='lat'>—</span> <span class='ocrx_word' id='word_1_18' title='bbox 1033 443 1089 512; x_wconf 82' lang='grc'>3)</span> <span class='ocrx_word' id='word_1_19' title='bbox 1120 445 1204 494; x_wconf 48' lang='lat' dir='ltr'>&gt;fol</span> <span class='ocrx_word' id='word_1_20' title='bbox 1250 445 1371 495; x_wconf 62' lang='lat'><strong>58²¹:</strong></span> <span class='ocrx_word' id='word_1_21' title='bbox 1413 449 1666 500; x_wconf 87' lang='lat' dir='ltr'>Eiusdem</span> <span class='ocrx_word' id='word_1_22' title='bbox 1698 451 1915 517; x_wconf 72' lang='lat' dir='ltr'>epistola</span> <span class='ocrx_word' id='word_1_23' title='bbox 1947 451 2008 502; x_wconf 91' lang='lat' dir='ltr'>de</span> <span class='ocrx_word' id='word_1_24' title='bbox 2038 451 2253 503; x_wconf 64' lang='lat' dir='ltr'>Melchi-</span> 
     </span>
     <span class='ocr_line' id='line_1_4' title="bbox 346 531 2254 607; baseline 0.002 -21"><span class='ocrx_word' id='word_1_25' title='bbox 346 535 520 586; x_wconf 76' lang='lat' dir='ltr'>sedech</span> <span class='ocrx_word' id='word_1_26' title='bbox 557 535 829 586; x_wconf 73' lang='lat' dir='ltr'><em>sacerdote.</em></span> <span class='ocrx_word' id='word_1_27' title='bbox 856 562 925 568; x_wconf 93' lang='lat'>—</span> <span class='ocrx_word' id='word_1_28' title='bbox 952 531 1008 600; x_wconf 83' lang='lat'>4)</span> <span class='ocrx_word' id='word_1_29' title='bbox 1037 533 1125 584; x_wconf 84' lang='lat' dir='ltr'>fol.</span> <span class='ocrx_word' id='word_1_30' title='bbox 1155 533 1491 583; x_wconf 39' lang='lat' dir='ltr'>63²f’—-100²’:</span> <span class='ocrx_word' id='word_1_31' title='bbox 1525 537 1734 588; x_wconf 87' lang='lat' dir='ltr'>Iuliani</span> <span class='ocrx_word' id='word_1_32' title='bbox 1756 538 1998 589; x_wconf 75' lang='lat' dir='ltr'>Toletani</span> <span class='ocrx_word' id='word_1_33' title='bbox 2029 540 2254 607; x_wconf 74' lang='lat' dir='ltr'>episcopi</span> 
     </span>
     <span class='ocr_line' id='line_1_5' title="bbox 344 624 1543 692; baseline 0.003 -21"><span class='ocrx_word' id='word_1_34' title='bbox 344 625 791 692; x_wconf 71' lang='lat' dir='ltr'>proqnosticorum</span> <span class='ocrx_word' id='word_1_35' title='bbox 818 624 1011 690; x_wconf 85' lang='lat' dir='ltr'>futur-i</span> <span class='ocrx_word' id='word_1_36' title='bbox 1052 625 1246 675; x_wconf 87' lang='lat' dir='ltr'>saeculi</span> <span class='ocrx_word' id='word_1_37' title='bbox 1278 625 1403 675; x_wconf 79' lang='lat' dir='ltr'>libri</span> <span class='ocrx_word' id='word_1_38' title='bbox 1433 624 1543 676; x_wconf 89' lang='lat' dir='ltr'><em>III.</em></span> 
     </span>
    </p>

    <p class='ocr_par' dir='ltr' id='par_1_3' title="bbox 342 722 2255 1497">
     <span class='ocr_line' id='line_1_6' title="bbox 418 722 2253 795; baseline 0.004 -21"><span class='ocrx_word' id='word_1_39' title='bbox 418 723 477 791; x_wconf 73' lang='grc' dir='ltr'>β)</span> <span class='ocrx_word' id='word_1_40' title='bbox 522 722 643 774; x_wconf 87' lang='lat' dir='ltr'>Cod.</span> <span class='ocrx_word' id='word_1_41' title='bbox 691 724 869 774; x_wconf 83' lang='lat'>1079</span> <span class='ocrx_word' id='word_1_42' title='bbox 919 723 1430 775; x_wconf 76' lang='lat' dir='ltr'>bibliothecae</span> <span class='ocrx_word' id='word_1_43' title='bbox 1481 724 1732 789; x_wconf 89' lang='lat' dir='ltr'>oppidi</span> <span class='ocrx_word' id='word_1_44' title='bbox 1786 729 1990 776; x_wconf 82' lang='lat' dir='ltr'>Arras</span> <span class='ocrx_word' id='word_1_45' title='bbox 2039 725 2132 795; x_wconf 68' lang='lat' dir='ltr'>&lt;z</span> <span class='ocrx_word' id='word_1_46' title='bbox 2174 724 2253 794; x_wconf 81' lang='lat' dir='ltr'>D)</span> 
     </span>
     <span class='ocr_line' id='line_1_7' title="bbox 344 811 2255 878; baseline 0.003 -18"><span class='ocrx_word' id='word_1_47' title='bbox 344 811 561 862; x_wconf 84' lang='lat' dir='ltr'>membr.</span> <span class='ocrx_word' id='word_1_48' title='bbox 590 811 674 863; x_wconf 85' lang='lat' dir='ltr'>sol.</span> <span class='ocrx_word' id='word_1_49' title='bbox 708 813 805 862; x_wconf 80' lang='lat'>105</span> <span class='ocrx_word' id='word_1_50' title='bbox 841 812 1035 862; x_wconf 82' lang='lat' dir='ltr'>formae</span> <span class='ocrx_word' id='word_1_51' title='bbox 1078 812 1377 876; x_wconf 76' lang='lat' dir='ltr'>quadratae,</span> <span class='ocrx_word' id='word_1_52' title='bbox 1415 827 1547 865; x_wconf 83' lang='lat' dir='ltr'>saec.</span> <span class='ocrx_word' id='word_1_53' title='bbox 1574 813 1621 863; x_wconf 91' lang='lat' dir='ltr'>X</span> <span class='ocrx_word' id='word_1_54' title='bbox 1657 813 1903 878; x_wconf 67' lang='lat' dir='ltr'>scriptus,</span> <span class='ocrx_word' id='word_1_55' title='bbox 1940 815 2255 866; x_wconf 76' lang='lat' dir='ltr'>describitur</span> 
     </span>
     <span class='ocr_line' id='line_1_8' title="bbox 349 899 2253 971; baseline -0.001 -17"><span class='ocrx_word' id='word_1_56' title='bbox 349 903 518 954; x_wconf 85' lang='lat' dir='ltr'>Catal.</span> <span class='ocrx_word' id='word_1_57' title='bbox 575 920 839 954; x_wconf 84' lang='lat' dir='ltr'>manuscr.</span> <span class='ocrx_word' id='word_1_58' title='bbox 897 904 1010 971; x_wconf 75' lang='lat' dir='ltr'>de&#39;p.</span> <span class='ocrx_word' id='word_1_59' title='bbox 1051 899 1143 962; x_wconf 81' lang='lat' dir='ltr'>IV,</span> <span class='ocrx_word' id='word_1_60' title='bbox 1205 901 1363 962; x_wconf 70' lang='lat'>1872,</span> <span class='ocrx_word' id='word_1_61' title='bbox 1421 917 1469 966; x_wconf 86' lang='lat' dir='ltr'>p.</span> <span class='ocrx_word' id='word_1_62' title='bbox 1517 901 1621 952; x_wconf 74' lang='lat'>104</span> <span class='ocrx_word' id='word_1_63' title='bbox 1676 918 1721 952; x_wconf 89' lang='lat' dir='ltr'>n.</span> <span class='ocrx_word' id='word_1_64' title='bbox 1763 903 1887 953; x_wconf 81' lang='lat'>235.</span> <span class='ocrx_word' id='word_1_65' title='bbox 1935 906 2045 953; x_wconf 90' lang='lat' dir='ltr'>erat</span> <span class='ocrx_word' id='word_1_66' title='bbox 2095 903 2253 954; x_wconf 82' lang='lat' dir='ltr'>codex</span> 
     </span>
     <span class='ocr_line' id='line_1_9' title="bbox 344 987 2252 1056; baseline 0.002 -18"><span class='ocrx_word' id='word_1_67' title='bbox 344 987 694 1039; x_wconf 84' lang='lat' dir='ltr'>bibliothecae</span> <span class='ocrx_word' id='word_1_68' title='bbox 734 987 1037 1039; x_wconf 81' lang='lat' dir='ltr'>monasterii</span> <span class='ocrx_word' id='word_1_69' title='bbox 1081 987 1129 1039; x_wconf 81' lang='lat' dir='ltr'>S.</span> <span class='ocrx_word' id='word_1_70' title='bbox 1173 988 1391 1040; x_wconf 81' lang='lat' dir='ltr'>Vedasti</span> <span class='ocrx_word' id='word_1_71' title='bbox 1437 989 1811 1053; x_wconf 81' lang='lat' dir='ltr'>Atrebatensis‚</span> <span class='ocrx_word' id='word_1_72' title='bbox 1867 992 1927 1041; x_wconf 85' lang='lat' dir='ltr'>ut</span> <span class='ocrx_word' id='word_1_73' title='bbox 1980 991 2030 1041; x_wconf 89' lang='lat' dir='ltr'>in</span> <span class='ocrx_word' id='word_1_74' title='bbox 2086 991 2252 1056; x_wconf 83' lang='lat' dir='ltr'>prima</span> 
     </span>
     <span class='ocr_line' id='line_1_10' title="bbox 343 1076 2251 1143; baseline 0.002 -17"><span class='ocrx_word' id='word_1_75' title='bbox 343 1076 529 1143; x_wconf 82' lang='lat' dir='ltr'>pagina</span> <span class='ocrx_word' id='word_1_76' title='bbox 580 1076 774 1127; x_wconf 84' lang='lat' dir='ltr'>codicis</span> <span class='ocrx_word' id='word_1_77' title='bbox 822 1076 1084 1128; x_wconf 86' lang='lat' dir='ltr'>indicatur</span> <span class='ocrx_word' id='word_1_78' title='bbox 1131 1076 1324 1127; x_wconf 83' lang='lat' dir='ltr'>additis</span> <span class='ocrx_word' id='word_1_79' title='bbox 1373 1079 1604 1128; x_wconf 84' lang='lat' dir='ltr'>numeris</span> <span class='ocrx_word' id='word_1_80' title='bbox 1657 1079 1814 1131; x_wconf 79' lang='lat'>1628.</span> <span class='ocrx_word' id='word_1_81' title='bbox 1856 1078 1914 1128; x_wconf 87' lang='lat' dir='ltr'>A.</span> <span class='ocrx_word' id='word_1_82' title='bbox 1948 1079 2067 1137; x_wconf 77' lang='lat'>148,</span> <span class='ocrx_word' id='word_1_83' title='bbox 2117 1079 2251 1130; x_wconf 87' lang='lat' dir='ltr'>unde</span> 
     </span>
     <span class='ocr_line' id='line_1_11' title="bbox 345 1164 2250 1234; baseline 0.001 -19"><span class='ocrx_word' id='word_1_84' title='bbox 345 1167 560 1230; x_wconf 85' lang='lat' dir='ltr'>apparet</span> <span class='ocrx_word' id='word_1_85' title='bbox 600 1164 828 1215; x_wconf 88' lang='lat' dir='ltr'>codicem</span> <span class='ocrx_word' id='word_1_86' title='bbox 870 1165 921 1214; x_wconf 89' lang='lat' dir='ltr'>in</span> <span class='ocrx_word' id='word_1_87' title='bbox 963 1164 1132 1215; x_wconf 88' lang='lat' dir='ltr'>indice</span> <span class='ocrx_word' id='word_1_88' title='bbox 1181 1165 1298 1215; x_wconf 77' lang='lat' dir='ltr'>anni</span> <span class='ocrx_word' id='word_1_89' title='bbox 1342 1165 1481 1216; x_wconf 77' lang='lat'>1628</span> <span class='ocrx_word' id='word_1_90' title='bbox 1525 1172 1647 1216; x_wconf 83' lang='lat' dir='ltr'>nota</span> <span class='ocrx_word' id='word_1_91' title='bbox 1692 1166 1939 1217; x_wconf 74' lang='lat' dir='ltr'><strong>‘A.148²</strong></span> <span class='ocrx_word' id='word_1_92' title='bbox 1984 1167 2250 1234; x_wconf 80' lang='lat' dir='ltr'>signatum</span> 
     </span>
     <span class='ocr_line' id='line_1_12' title="bbox 342 1253 2250 1319; baseline 0.004 -16"><span class='ocrx_word' id='word_1_93' title='bbox 342 1253 525 1304; x_wconf 80' lang='lat' dir='ltr'>fuisse.</span> <span class='ocrx_word' id='word_1_94' title='bbox 576 1253 908 1303; x_wconf 88' lang='lat' dir='ltr'>continentur</span> <span class='ocrx_word' id='word_1_95' title='bbox 955 1253 1082 1304; x_wconf 88' lang='lat' dir='ltr'>haec</span> <span class='ocrx_word' id='word_1_96' title='bbox 1132 1253 1350 1318; x_wconf 82' lang='lat' dir='ltr'>scripta:</span> <span class='ocrx_word' id='word_1_97' title='bbox 1412 1255 1462 1319; x_wconf 88' lang='grc'>1)</span> <span class='ocrx_word' id='word_1_98' title='bbox 1512 1254 1602 1305; x_wconf 86' lang='lat' dir='ltr'>fol.</span> <span class='ocrx_word' id='word_1_99' title='bbox 1633 1255 1676 1306; x_wconf 90' lang='lat' dir='ltr'>l.</span> <span class='ocrx_word' id='word_1_100' title='bbox 1729 1259 2148 1310; x_wconf 69' lang='lat' dir='ltr'>Commentarius</span> <span class='ocrx_word' id='word_1_101' title='bbox 2192 1261 2250 1310; x_wconf 88' lang='lat' dir='ltr'>in</span> 
     </span>
     <span class='ocr_line' id='line_1_13' title="bbox 347 1341 2250 1410; baseline -0.001 -15"><span class='ocrx_word' id='word_1_102' title='bbox 347 1345 621 1395; x_wconf 12' lang='lat' dir='ltr'>(rfanticum</span> <span class='ocrx_word' id='word_1_103' title='bbox 659 1345 1010 1410; x_wconf 75' lang='lat' dir='ltr'>Canticorum‚</span> <span class='ocrx_word' id='word_1_104' title='bbox 1046 1358 1143 1392; x_wconf 92' lang='lat' dir='ltr'>non</span> <span class='ocrx_word' id='word_1_105' title='bbox 1180 1341 1336 1408; x_wconf 83' lang='lat' dir='ltr'>longo</span> <span class='ocrx_word' id='word_1_106' title='bbox 1373 1341 1532 1393; x_wconf 89' lang='lat' dir='ltr'>ductu</span> <span class='ocrx_word' id='word_1_107' title='bbox 1568 1342 1824 1393; x_wconf 84' lang='lat' dir='ltr'>linearum</span> <span class='ocrx_word' id='word_1_108' title='bbox 1861 1343 1952 1394; x_wconf 82' lang='lat' dir='ltr'>sed</span> <span class='ocrx_word' id='word_1_109' title='bbox 1985 1344 2060 1394; x_wconf 84' lang='lat' dir='ltr'>ita</span> <span class='ocrx_word' id='word_1_110' title='bbox 2092 1344 2250 1409; x_wconf 79' lang='lat' dir='ltr'>scrip-</span> 
     </span>
     <span class='ocr_line' id='line_1_14' title="bbox 342 1429 1930 1497; baseline 0.003 -19"><span class='ocrx_word' id='word_1_111' title='bbox 342 1433 447 1491; x_wconf 77' lang='lat' dir='ltr'>tus,</span> <span class='ocrx_word' id='word_1_112' title='bbox 490 1433 548 1480; x_wconf 87' lang='lat' dir='ltr'>ut</span> <span class='ocrx_word' id='word_1_113' title='bbox 587 1429 738 1481; x_wconf 83' lang='lat' dir='ltr'>binae</span> <span class='ocrx_word' id='word_1_114' title='bbox 781 1430 1052 1480; x_wconf 81' lang='lat' dir='ltr'>columnae</span> <span class='ocrx_word' id='word_1_115' title='bbox 1093 1431 1143 1480; x_wconf 90' lang='lat' dir='ltr'>in</span> <span class='ocrx_word' id='word_1_116' title='bbox 1188 1430 1414 1496; x_wconf 77' lang='lat' dir='ltr'>singulis</span> <span class='ocrx_word' id='word_1_117' title='bbox 1455 1430 1660 1497; x_wconf 61' lang='lat' dir='ltr'>paginis</span> <span class='ocrx_word' id='word_1_118' title='bbox 1706 1435 1930 1482; x_wconf 80' lang='lat' dir='ltr'>exstent:</span> 
     </span>
    </p>
   </div>
   <div class='ocr_carea' id='block_1_3' title="bbox 561 1536 2106 1767">
    <p class='ocr_par' dir='ltr' id='par_1_4' title="bbox 561 1536 2106 1767">
     <span class='ocr_line' id='line_1_15' title="bbox 563 1536 1936 1604; baseline 0.001 -16"><span class='ocrx_word' id='word_1_119' title='bbox 563 1537 717 1588; x_wconf 75' lang='lat' dir='ltr'>Nunc</span> <span class='ocrx_word' id='word_1_120' title='bbox 757 1539 941 1588; x_wconf 88' lang='lat' dir='ltr'>cecinit</span> <span class='ocrx_word' id='word_1_121' title='bbox 973 1536 1222 1588; x_wconf 82' lang='lat' dir='ltr'>Salomon</span> <span class='ocrx_word' id='word_1_122' title='bbox 1254 1539 1394 1588; x_wconf 86' lang='lat' dir='ltr'>mira</span> <span class='ocrx_word' id='word_1_123' title='bbox 1427 1539 1696 1589; x_wconf 73' lang='lat' dir='ltr'>dulcedine</span> <span class='ocrx_word' id='word_1_124' title='bbox 1728 1539 1936 1604; x_wconf 74' lang='lat' dir='ltr'>librum,</span> 
     </span>
     <span class='ocr_line' id='line_1_16' title="bbox 571 1626 1915 1694; baseline 0.001 -18"><span class='ocrx_word' id='word_1_125' title='bbox 571 1626 674 1689; x_wconf 70' lang='lat' dir='ltr'>Qui</span> <span class='ocrx_word' id='word_1_126' title='bbox 708 1630 838 1676; x_wconf 87' lang='lat' dir='ltr'>tenet</span> <span class='ocrx_word' id='word_1_127' title='bbox 870 1627 1102 1694; x_wconf 42' lang='lat' dir='ltr'>eqi&#39;·eqias</span> <span class='ocrx_word' id='word_1_128' title='bbox 1134 1627 1312 1692; x_wconf 77' lang='lat' dir='ltr'>sponsi</span> <span class='ocrx_word' id='word_1_129' title='bbox 1344 1643 1626 1694; x_wconf 74' lang='lat' dir='ltr'>sponseque</span> <span class='ocrx_word' id='word_1_130' title='bbox 1673 1644 1915 1678; x_wconf 87' lang='lat' dir='ltr'>camenas</span> 
     </span>
     <span class='ocr_line' id='line_1_17' title="bbox 561 1714 2106 1767; baseline -0.001 -3"><span class='ocrx_word' id='word_1_131' title='bbox 561 1715 821 1765; x_wconf 70' lang='lat' dir='ltr'>Ecclesiae</span> <span class='ocrx_word' id='word_1_132' title='bbox 861 1719 907 1764; x_wconf 87' lang='lat' dir='ltr'>et</span> <span class='ocrx_word' id='word_1_133' title='bbox 951 1714 1149 1765; x_wconf 74' lang='lat' dir='ltr'>Christi</span> <span class='ocrx_word' id='word_1_134' title='bbox 1189 1715 1371 1765; x_wconf 86' lang='lat' dir='ltr'>laudes</span> <span class='ocrx_word' id='word_1_135' title='bbox 1411 1715 1532 1765; x_wconf 73' lang='lat' dir='ltr'>ltine</span> <span class='ocrx_word' id='word_1_136' title='bbox 1570 1715 1693 1765; x_wconf 90' lang='lat' dir='ltr'>inde</span> <span class='ocrx_word' id='word_1_137' title='bbox 1733 1720 1970 1767; x_wconf 75' lang='lat' dir='ltr'>canentes</span> <span class='ocrx_word' id='word_1_138' title='bbox 2010 1715 2106 1763; x_wconf 84' lang='lat' dir='ltr'>etc.</span> 
     </span>
    </p>
   </div>
   <div class='ocr_carea' id='block_1_4' title="bbox 338 1828 2250 2251">
    <p class='ocr_par' dir='ltr' id='par_1_5' title="bbox 338 1828 2250 2251">
     <span class='ocr_line' id='line_1_18' title="bbox 417 1828 2249 1901; baseline 0.004 -23"><span class='ocrx_word' id='word_1_139' title='bbox 417 1828 473 1896; x_wconf 82' lang='grc'>2)</span> <span class='ocrx_word' id='word_1_140' title='bbox 514 1829 600 1879; x_wconf 85' lang='lat' dir='ltr'>fol.</span> <span class='ocrx_word' id='word_1_141' title='bbox 629 1829 711 1880; x_wconf 84' lang='lat'>15.</span> <span class='ocrx_word' id='word_1_142' title='bbox 759 1832 1017 1901; x_wconf 73' lang='lat' dir='ltr'>Proloqus</span> <span class='ocrx_word' id='word_1_143' title='bbox 1056 1832 1345 1884; x_wconf 79' lang='lat' dir='ltr'>beatissimi</span> <span class='ocrx_word' id='word_1_144' title='bbox 1386 1834 1688 1884; x_wconf 81' lang='lat' dir='ltr'>Hieronimi</span> <span class='ocrx_word' id='word_1_145' title='bbox 1728 1834 1799 1884; x_wconf 90' lang='lat' dir='ltr'>ad</span> <span class='ocrx_word' id='word_1_146' title='bbox 1846 1835 2153 1885; x_wconf 71' lang='lat' dir='ltr'>Anatolium</span> <span class='ocrx_word' id='word_1_147' title='bbox 2188 1836 2249 1887; x_wconf 89' lang='lat' dir='ltr'>de</span> 
     </span>
     <span class='ocr_line' id='line_1_19' title="bbox 340 1922 2248 1991; baseline -0.001 -20"><span class='ocrx_word' id='word_1_148' title='bbox 340 1922 704 1988; x_wconf 68' lang='lat' dir='ltr'>erplanatione</span> <span class='ocrx_word' id='word_1_149' title='bbox 743 1922 1094 1988; x_wconf 72' lang='lat' dir='ltr'>Apocalypsis</span> <span class='ocrx_word' id='word_1_150' title='bbox 1128 1923 1297 1972; x_wconf 86' lang='lat' dir='ltr'>sancti</span> <span class='ocrx_word' id='word_1_151' title='bbox 1337 1922 1593 1973; x_wconf 77' lang='lat' dir='ltr'>Iohannis</span> <span class='ocrx_word' id='word_1_152' title='bbox 1626 1924 1939 1991; x_wconf 78' lang='lat' dir='ltr'>euanqeliste</span> <span class='ocrx_word' id='word_1_153' title='bbox 1972 1925 2067 1970; x_wconf 87' lang='lat' dir='ltr'>etc.</span> <span class='ocrx_word' id='word_1_154' title='bbox 2111 1936 2248 1970; x_wconf 77' lang='lat' dir='ltr'>com-</span> 
     </span>
     <span class='ocr_line' id='line_1_20' title="bbox 339 2006 2249 2071; baseline 0.002 -15"><span class='ocrx_word' id='word_1_155' title='bbox 339 2007 624 2056; x_wconf 75' lang='lat' dir='ltr'>mentarius</span> <span class='ocrx_word' id='word_1_156' title='bbox 653 2006 831 2056; x_wconf 85' lang='lat' dir='ltr'>eodem</span> <span class='ocrx_word' id='word_1_157' title='bbox 860 2006 1014 2057; x_wconf 90' lang='lat' dir='ltr'>modo</span> <span class='ocrx_word' id='word_1_158' title='bbox 1050 2022 1151 2071; x_wconf 86' lang='lat' dir='ltr'>quo</span> <span class='ocrx_word' id='word_1_159' title='bbox 1188 2014 1593 2057; x_wconf 73' lang='lat' dir='ltr'>commentarius</span> <span class='ocrx_word' id='word_1_160' title='bbox 1628 2008 1675 2056; x_wconf 88' lang='lat' dir='ltr'>in</span> <span class='ocrx_word' id='word_1_161' title='bbox 1714 2008 1984 2059; x_wconf 83' lang='lat' dir='ltr'>Canticum</span> <span class='ocrx_word' id='word_1_162' title='bbox 2015 2008 2249 2059; x_wconf 71' lang='lat' dir='ltr'>Cantico-</span> 
     </span>
     <span class='ocr_line' id='line_1_21' title="bbox 338 2094 2250 2160; baseline 0.003 -17"><span class='ocrx_word' id='word_1_163' title='bbox 338 2111 453 2144; x_wconf 87' lang='lat' dir='ltr'>rum</span> <span class='ocrx_word' id='word_1_164' title='bbox 497 2094 724 2159; x_wconf 80' lang='lat' dir='ltr'>scriptus</span> <span class='ocrx_word' id='word_1_165' title='bbox 768 2097 863 2156; x_wconf 73' lang='lat' dir='ltr'>est,</span> <span class='ocrx_word' id='word_1_166' title='bbox 912 2095 1112 2159; x_wconf 81' lang='lat' dir='ltr'>reliqua</span> <span class='ocrx_word' id='word_1_167' title='bbox 1154 2111 1272 2160; x_wconf 79' lang='lat' dir='ltr'>pars</span> <span class='ocrx_word' id='word_1_168' title='bbox 1315 2095 1509 2146; x_wconf 78' lang='lat' dir='ltr'>codicis</span> <span class='ocrx_word' id='word_1_169' title='bbox 1552 2096 1669 2145; x_wconf 82' lang='lat' dir='ltr'>inde</span> <span class='ocrx_word' id='word_1_170' title='bbox 1714 2097 1774 2146; x_wconf 77' lang='lat' dir='ltr'>ab</span> <span class='ocrx_word' id='word_1_171' title='bbox 1818 2097 1904 2146; x_wconf 78' lang='lat' dir='ltr'>fol.</span> <span class='ocrx_word' id='word_1_172' title='bbox 1932 2097 1998 2146; x_wconf 73' lang='lat'>28</span> <span class='ocrx_word' id='word_1_173' title='bbox 2042 2098 2250 2148; x_wconf 81' lang='lat' dir='ltr'>exbibet</span> 
     </span>
     <span class='ocr_line' id='line_1_22' title="bbox 338 2183 1928 2251; baseline 0.001 -18"><span class='ocrx_word' id='word_1_174' title='bbox 338 2184 522 2249; x_wconf 82' lang='lat' dir='ltr'>longas</span> <span class='ocrx_word' id='word_1_175' title='bbox 563 2183 727 2234; x_wconf 82' lang='lat' dir='ltr'>lineas</span> <span class='ocrx_word' id='word_1_176' title='bbox 768 2200 858 2249; x_wconf 83' lang='lat' dir='ltr'>per</span> <span class='ocrx_word' id='word_1_177' title='bbox 897 2186 1065 2235; x_wconf 88' lang='lat' dir='ltr'>totum</span> <span class='ocrx_word' id='word_1_178' title='bbox 1110 2184 1337 2249; x_wconf 83' lang='lat' dir='ltr'>spatium</span> <span class='ocrx_word' id='word_1_179' title='bbox 1379 2187 1682 2251; x_wconf 76' lang='lat' dir='ltr'>paginarum</span> <span class='ocrx_word' id='word_1_180' title='bbox 1730 2185 1928 2235; x_wconf 71' lang='lat' dir='ltr'>ductas,</span> 
     </span>
    </p>
   </div>
   <div class='ocr_carea' id='block_1_5' title="bbox 334 2285 2247 3521">
    <p class='ocr_par' dir='ltr' id='par_1_6' title="bbox 337 2285 2247 2535">
     <span class='ocr_line' id='line_1_23' title="bbox 413 2285 2247 2358; baseline 0.003 -19"><span class='ocrx_word' id='word_1_181' title='bbox 413 2285 581 2354; x_wconf 75' lang='lat'>3—6)</span> <span class='ocrx_word' id='word_1_182' title='bbox 630 2287 717 2338; x_wconf 89' lang='lat' dir='ltr'>fol.</span> <span class='ocrx_word' id='word_1_183' title='bbox 747 2288 832 2336; x_wconf 72' lang='lat'>28.</span> <span class='ocrx_word' id='word_1_184' title='bbox 889 2286 1188 2352; x_wconf 84' lang='lat' dir='ltr'>Sequuntur</span> <span class='ocrx_word' id='word_1_185' title='bbox 1234 2293 1578 2358; x_wconf 65' lang='lat' dir='ltr'>expositiones</span> <span class='ocrx_word' id='word_1_186' title='bbox 1626 2293 1802 2343; x_wconf 88' lang='lat' dir='ltr'>Bedae</span> <span class='ocrx_word' id='word_1_187' title='bbox 1847 2294 1904 2342; x_wconf 86' lang='lat' dir='ltr'>in</span> <span class='ocrx_word' id='word_1_188' title='bbox 1962 2293 2247 2344; x_wconf 83' lang='lat' dir='ltr'>l&#39;rouerbia</span> 
     </span>
     <span class='ocr_line' id='line_1_24' title="bbox 340 2379 2246 2445; baseline 0 -14"><span class='ocrx_word' id='word_1_189' title='bbox 340 2379 652 2444; x_wconf 72' lang='lat' dir='ltr'>Salomonis,</span> <span class='ocrx_word' id='word_1_190' title='bbox 687 2381 743 2429; x_wconf 88' lang='lat' dir='ltr'>in</span> <span class='ocrx_word' id='word_1_191' title='bbox 778 2379 1140 2444; x_wconf 73' lang='lat' dir='ltr'>Ecclesiasten,</span> <span class='ocrx_word' id='word_1_192' title='bbox 1175 2381 1233 2429; x_wconf 91' lang='lat' dir='ltr'>in</span> <span class='ocrx_word' id='word_1_193' title='bbox 1271 2380 1547 2430; x_wconf 78' lang='lat' dir='ltr'>Canticum</span> <span class='ocrx_word' id='word_1_194' title='bbox 1576 2380 1927 2445; x_wconf 60' lang='lat' dir='ltr'>Canticorum,</span> <span class='ocrx_word' id='word_1_195' title='bbox 1961 2382 2019 2431; x_wconf 88' lang='lat' dir='ltr'>in</span> <span class='ocrx_word' id='word_1_196' title='bbox 2052 2382 2246 2432; x_wconf 80' lang='lat' dir='ltr'>librum</span> 
     </span>
     <span class='ocr_line' id='line_1_25' title="bbox 337 2468 873 2535; baseline 0.002 -17"><span class='ocrx_word' id='word_1_197' title='bbox 337 2468 542 2519; x_wconf 79' lang='lat' dir='ltr'>Esdrae</span> <span class='ocrx_word' id='word_1_198' title='bbox 575 2468 873 2535; x_wconf 73' lang='lat' dir='ltr'>prophetae.</span> 
     </span>
    </p>

    <p class='ocr_par' dir='ltr' id='par_1_7' title="bbox 339 2566 2244 2810">
     <span class='ocr_line' id='line_1_26' title="bbox 416 2566 2244 2639; baseline 0.005 -23"><span class='ocrx_word' id='word_1_199' title='bbox 416 2568 468 2627; x_wconf 87' lang='grc'>7)</span> <span class='ocrx_word' id='word_1_200' title='bbox 525 2566 738 2637; x_wconf 74' lang='lat' dir='ltr'>‘Incipit</span> <span class='ocrx_word' id='word_1_201' title='bbox 779 2572 1040 2638; x_wconf 70' lang='lat' dir='ltr'>qloriosus</span> <span class='ocrx_word' id='word_1_202' title='bbox 1079 2575 1126 2621; x_wconf 86' lang='lat' dir='ltr'>et</span> <span class='ocrx_word' id='word_1_203' title='bbox 1165 2590 1197 2622; x_wconf 90' lang='lat' dir='ltr'>a</span> <span class='ocrx_word' id='word_1_204' title='bbox 1238 2572 1347 2623; x_wconf 89' lang='lat' dir='ltr'>Deo</span> <span class='ocrx_word' id='word_1_205' title='bbox 1394 2572 1683 2639; x_wconf 77' lang='lat' dir='ltr'>dispositus</span> <span class='ocrx_word' id='word_1_206' title='bbox 1729 2574 1988 2624; x_wconf 87' lang='lat' dir='ltr'>aduentus</span> <span class='ocrx_word' id='word_1_207' title='bbox 2033 2575 2092 2624; x_wconf 91' lang='lat' dir='ltr'>in</span> <span class='ocrx_word' id='word_1_208' title='bbox 2142 2591 2244 2625; x_wconf 89' lang='lat' dir='ltr'>coe-</span> 
     </span>
     <span class='ocr_line' id='line_1_27' title="bbox 339 2658 2243 2727; baseline 0.001 -18"><span class='ocrx_word' id='word_1_209' title='bbox 339 2659 484 2709; x_wconf 79' lang='lat' dir='ltr'>nobio</span> <span class='ocrx_word' id='word_1_210' title='bbox 531 2659 857 2710; x_wconf 80' lang='lat' dir='ltr'>Floriacensi</span> <span class='ocrx_word' id='word_1_211' title='bbox 896 2661 998 2710; x_wconf 86' lang='lat' dir='ltr'>rite</span> <span class='ocrx_word' id='word_1_212' title='bbox 1041 2699 1049 2707; x_wconf 94' lang='lat'>.</span> <span class='ocrx_word' id='word_1_213' title='bbox 1083 2695 1093 2705; x_wconf 92' lang='lat'>.</span> <span class='ocrx_word' id='word_1_214' title='bbox 1127 2697 1136 2706; x_wconf 91' lang='lat'><strong>.</strong></span> <span class='ocrx_word' id='word_1_215' title='bbox 1175 2659 1447 2711; x_wconf 81' lang='lat' dir='ltr'>Benedicti</span> <span class='ocrx_word' id='word_1_216' title='bbox 1483 2659 1705 2727; x_wconf 47' lang='lat' dir='ltr'>patrisss</span> <span class='ocrx_word' id='word_1_217' title='bbox 1760 2658 1805 2706; x_wconf 79' lang='lat'>¹‹11</span> <span class='ocrx_word' id='word_1_218' title='bbox 1851 2662 1932 2708; x_wconf 73' lang='lat' dir='ltr'>est</span> <span class='ocrx_word' id='word_1_219' title='bbox 1972 2659 2243 2710; x_wconf 69' lang='lat' dir='ltr'>translatio</span> 
     </span>
     <span class='ocr_line' id='line_1_28' title="bbox 339 2744 1855 2810; baseline 0.001 -16"><span class='ocrx_word' id='word_1_220' title='bbox 339 2745 503 2795; x_wconf 79' lang='lat' dir='ltr'>sancti</span> <span class='ocrx_word' id='word_1_221' title='bbox 542 2744 816 2795; x_wconf 85' lang='lat' dir='ltr'>Benedicti</span> <span class='ocrx_word' id='word_1_222' title='bbox 856 2745 1051 2810; x_wconf 83' lang='lat' dir='ltr'>scripta</span> <span class='ocrx_word' id='word_1_223' title='bbox 1092 2745 1153 2795; x_wconf 88' lang='lat' dir='ltr'>ab</span> <span class='ocrx_word' id='word_1_224' title='bbox 1197 2745 1480 2796; x_wconf 84' lang='lat' dir='ltr'>Adalberto</span> <span class='ocrx_word' id='word_1_225' title='bbox 1527 2746 1855 2796; x_wconf 55' lang='lat' dir='ltr'>Fra-incensi.</span> 
     </span>
    </p>

    <p class='ocr_par' dir='ltr' id='par_1_8' title="bbox 334 2846 2243 3521">
     <span class='ocr_line' id='line_1_29' title="bbox 413 2846 2243 2919; baseline 0.004 -23"><span class='ocrx_word' id='word_1_226' title='bbox 413 2846 467 2912; x_wconf 76' lang='lat'>8)</span> <span class='ocrx_word' id='word_1_227' title='bbox 508 2847 636 2897; x_wconf 78' lang='lat' dir='ltr'>Post</span> <span class='ocrx_word' id='word_1_228' title='bbox 667 2848 934 2899; x_wconf 85' lang='lat' dir='ltr'>lacunam:</span> <span class='ocrx_word' id='word_1_229' title='bbox 967 2852 1203 2919; x_wconf 70' lang='lat' dir='ltr'>Erplicit</span> <span class='ocrx_word' id='word_1_230' title='bbox 1229 2869 1395 2902; x_wconf 89' lang='lat' dir='ltr'>sermo</span> <span class='ocrx_word' id='word_1_231' title='bbox 1421 2852 1735 2903; x_wconf 80' lang='lat' dir='ltr'>delectabilis</span> <span class='ocrx_word' id='word_1_232' title='bbox 1760 2854 2039 2904; x_wconf 79' lang='lat' dir='ltr'>memoriae</span> <span class='ocrx_word' id='word_1_233' title='bbox 2064 2855 2243 2904; x_wconf 87' lang='lat' dir='ltr'>domni</span> 
     </span>
     <span class='ocr_line' id='line_1_30' title="bbox 344 2938 2243 3009; baseline 0.002 -20"><span class='ocrx_word' id='word_1_234' title='bbox 344 2938 541 2990; x_wconf 84' lang='lat' dir='ltr'>Odonis</span> <span class='ocrx_word' id='word_1_235' title='bbox 574 2940 634 2990; x_wconf 90' lang='lat' dir='ltr'>de</span> <span class='ocrx_word' id='word_1_236' title='bbox 666 2944 841 2990; x_wconf 86' lang='lat' dir='ltr'>sancto</span> <span class='ocrx_word' id='word_1_237' title='bbox 874 2957 933 2991; x_wconf 93' lang='lat' dir='ltr'>ac</span> <span class='ocrx_word' id='word_1_238' title='bbox 967 2944 1065 2990; x_wconf 86' lang='lat' dir='ltr'>toto</span> <span class='ocrx_word' id='word_1_239' title='bbox 1106 2939 1222 2990; x_wconf 80' lang='lat' dir='ltr'>orbe</span> <span class='ocrx_word' id='word_1_240' title='bbox 1260 2944 1571 2991; x_wconf 86' lang='lat' dir='ltr'>ueneranter</span> <span class='ocrx_word' id='word_1_241' title='bbox 1609 2942 1815 2991; x_wconf 89' lang='lat' dir='ltr'>colendo</span> <span class='ocrx_word' id='word_1_242' title='bbox 1842 2946 2062 3009; x_wconf 69' lang='lat' dir='ltr'>anqusto</span> <span class='ocrx_word' id='word_1_243' title='bbox 2087 2946 2243 3009; x_wconf 75' lang='lat' dir='ltr'>patre</span> 
     </span>
     <span class='ocr_line' id='line_1_31' title="bbox 335 3027 2242 3097; baseline 0.001 -19"><span class='ocrx_word' id='word_1_244' title='bbox 335 3028 630 3078; x_wconf 74' lang='lat' dir='ltr'>Benedicta</span> <span class='ocrx_word' id='word_1_245' title='bbox 672 3027 870 3095; x_wconf 76' lang='lat' dir='ltr'>Incipit</span> <span class='ocrx_word' id='word_1_246' title='bbox 894 3028 1167 3095; x_wconf 74' lang='lat' dir='ltr'>praefatio</span> <span class='ocrx_word' id='word_1_247' title='bbox 1200 3045 1355 3095; x_wconf 75' lang='lat' dir='ltr'>super</span> <span class='ocrx_word' id='word_1_248' title='bbox 1394 3030 1509 3079; x_wconf 88' lang='lat' dir='ltr'>uita</span> <span class='ocrx_word' id='word_1_249' title='bbox 1543 3031 1711 3079; x_wconf 86' lang='lat' dir='ltr'>sancti</span> <span class='ocrx_word' id='word_1_250' title='bbox 1750 3029 2063 3097; x_wconf 72' lang='lat' dir='ltr'>Hieronymi</span> <span class='ocrx_word' id='word_1_251' title='bbox 2095 3047 2242 3097; x_wconf 75' lang='lat' dir='ltr'>pres-</span> 
     </span>
     <span class='ocr_line' id='line_1_32' title="bbox 336 3115 2242 3185; baseline 0.001 -19"><span class='ocrx_word' id='word_1_252' title='bbox 336 3117 502 3167; x_wconf 81' lang='lat' dir='ltr'>biteri.</span> <span class='ocrx_word' id='word_1_253' title='bbox 550 3115 830 3183; x_wconf 71' lang='lat' dir='ltr'>Plerosque</span> <span class='ocrx_word' id='word_1_254' title='bbox 879 3117 1135 3166; x_wconf 84' lang='lat' dir='ltr'>nimirum</span> <span class='ocrx_word' id='word_1_255' title='bbox 1180 3118 1474 3167; x_wconf 81' lang='lat' dir='ltr'>illustrium</span> <span class='ocrx_word' id='word_1_256' title='bbox 1520 3119 1666 3167; x_wconf 85' lang='lat' dir='ltr'>uiros</span> <span class='ocrx_word' id='word_1_257' title='bbox 1706 3135 1806 3167; x_wconf 85' lang='lat' dir='ltr'>non</span> <span class='ocrx_word' id='word_1_258' title='bbox 1855 3118 2058 3185; x_wconf 72' lang='lat' dir='ltr'>ambiqo</span> <span class='ocrx_word' id='word_1_259' title='bbox 2096 3136 2242 3169; x_wconf 83' lang='lat' dir='ltr'>nosse</span> 
     </span>
     <span class='ocr_line' id='line_1_33' title="bbox 337 3205 2238 3272; baseline 0.001 -17"><span class='ocrx_word' id='word_1_260' title='bbox 337 3222 433 3271; x_wconf 86' lang='lat' dir='ltr'>quo</span> <span class='ocrx_word' id='word_1_261' title='bbox 479 3208 637 3255; x_wconf 82' lang='lat' dir='ltr'>natus</span> <span class='ocrx_word' id='word_1_262' title='bbox 684 3205 967 3272; x_wconf 73' lang='lat' dir='ltr'>quibusque</span> <span class='ocrx_word' id='word_1_263' title='bbox 1014 3205 1269 3255; x_wconf 86' lang='lat' dir='ltr'>doctrinis</span> <span class='ocrx_word' id='word_1_264' title='bbox 1315 3207 1384 3255; x_wconf 79' lang='lat' dir='ltr'>sit</span> <span class='ocrx_word' id='word_1_265' title='bbox 1429 3207 1512 3256; x_wconf 91' lang='lat' dir='ltr'>uel</span> <span class='ocrx_word' id='word_1_266' title='bbox 1562 3207 1754 3256; x_wconf 82' lang='lat' dir='ltr'>litteris</span> <span class='ocrx_word' id='word_1_267' title='bbox 1801 3207 2093 3256; x_wconf 84' lang='lat' dir='ltr'>instructus</span> <span class='ocrx_word' id='word_1_268' title='bbox 2142 3216 2238 3253; x_wconf 74' lang='lat' dir='ltr'>etc.</span> 
     </span>
     <span class='ocr_line' id='line_1_34' title="bbox 334 3293 2241 3362; baseline 0.001 -19"><span class='ocrx_word' id='word_1_269' title='bbox 334 3293 534 3360; x_wconf 75' lang='lat' dir='ltr'>Incipit</span> <span class='ocrx_word' id='word_1_270' title='bbox 578 3294 693 3343; x_wconf 89' lang='lat' dir='ltr'>uita</span> <span class='ocrx_word' id='word_1_271' title='bbox 733 3293 867 3343; x_wconf 81' lang='lat' dir='ltr'>beati</span> <span class='ocrx_word' id='word_1_272' title='bbox 913 3293 1216 3344; x_wconf 86' lang='lat' dir='ltr'>Hieronimi</span> <span class='ocrx_word' id='word_1_273' title='bbox 1257 3293 1552 3360; x_wconf 75' lang='lat' dir='ltr'>presbiteri.</span> <span class='ocrx_word' id='word_1_274' title='bbox 1611 3295 1802 3344; x_wconf 80' lang='lat' dir='ltr'>Beatus</span> <span class='ocrx_word' id='word_1_275' title='bbox 1840 3296 2008 3362; x_wconf 72' lang='lat' dir='ltr'>iqitur</span> <span class='ocrx_word' id='word_1_276' title='bbox 2054 3295 2241 3345; x_wconf 87' lang='lat' dir='ltr'>Hiero-</span> 
     </span>
     <span class='ocr_line' id='line_1_35' title="bbox 336 3382 2237 3448; baseline 0.001 -18"><span class='ocrx_word' id='word_1_277' title='bbox 336 3382 514 3431; x_wconf 90' lang='lat' dir='ltr'>nimus</span> <span class='ocrx_word' id='word_1_278' title='bbox 558 3398 740 3448; x_wconf 74' lang='lat' dir='ltr'>qenere</span> <span class='ocrx_word' id='word_1_279' title='bbox 794 3382 955 3432; x_wconf 78' lang='lat' dir='ltr'>nobili</span> <span class='ocrx_word' id='word_1_280' title='bbox 1006 3386 1165 3447; x_wconf 84' lang='lat' dir='ltr'>ortus,</span> <span class='ocrx_word' id='word_1_281' title='bbox 1216 3386 1374 3448; x_wconf 78' lang='lat' dir='ltr'>patre</span> <span class='ocrx_word' id='word_1_282' title='bbox 1423 3399 1545 3432; x_wconf 86' lang='lat' dir='ltr'>uero</span> <span class='ocrx_word' id='word_1_283' title='bbox 1601 3383 1822 3432; x_wconf 75' lang='lat' dir='ltr'>Eusebio</span> <span class='ocrx_word' id='word_1_284' title='bbox 1884 3384 2090 3433; x_wconf 88' lang='lat' dir='ltr'>nomine</span> <span class='ocrx_word' id='word_1_285' title='bbox 2143 3384 2237 3428; x_wconf 69' lang='lat' dir='ltr'>etc.</span> 
     </span>
     <span class='ocr_line' id='line_1_36' title="bbox 335 3463 1753 3521; baseline 0.003 -6"><span class='ocrx_word' id='word_1_286' title='bbox 335 3466 367 3515; x_wconf 87' lang='lat' dir='ltr'>f.</span> <span class='ocrx_word' id='word_1_287' title='bbox 399 3463 542 3516; x_wconf 56' lang='lat' dir='ltr'>105r</span> <span class='ocrx_word' id='word_1_288' title='bbox 580 3466 629 3514; x_wconf 90' lang='lat' dir='ltr'>in</span> <span class='ocrx_word' id='word_1_289' title='bbox 673 3465 791 3516; x_wconf 82' lang='lat' dir='ltr'>fine:</span> <span class='ocrx_word' id='word_1_290' title='bbox 834 3470 900 3520; x_wconf 92' lang='lat' dir='ltr'>In</span> <span class='ocrx_word' id='word_1_291' title='bbox 941 3471 1146 3520; x_wconf 88' lang='lat' dir='ltr'>saecula</span> <span class='ocrx_word' id='word_1_292' title='bbox 1186 3471 1526 3520; x_wconf 88' lang='lat' dir='ltr'>saeculorum.</span> <span class='ocrx_word' id='word_1_293' title='bbox 1568 3471 1753 3521; x_wconf 86' lang='lat' dir='ltr'>Amen.</span> 
     </span>
    </p>
   </div>
  </div>
 </body>
</html>
