2470 3718
163 1131 207 1162 10

167 1558 208 1591 15

754 192 1016 233 Recensio
1050 191 1361 245 Hieronymi
1392 191 1412 231 Ι
1445 191 1568 231 7-8.
2019 193 2083 242 31

239 349 472 400 Christus
514 351 608 409 est,
648 364 745 398 non
803 364 857 398 ex
915 348 1105 397 semine
1159 349 1324 396 natus
1383 349 1577 411 septem
1634 347 1876 396 mulieres
1933 347 2090 397 eccle-

239 435 341 484 siae
382 437 517 494 sunt,
574 450 751 498 panem
802 434 1112 498 accipientes
1168 448 1316 482 suum
1374 436 1424 482 et
1478 432 1664 482 tunicis
1715 434 1820 481 suis
1870 434 2087 492 uelatae,

237 536 361 584 quae
408 522 591 584 petunt
631 519 813 569 auferri
859 519 1205 583 inproperium
1262 533 1429 578 suum,
1479 522 1535 567 ut
1582 518 1848 567 inuocetur
1902 534 2083 567 nomen

237 606 426 656 domini
486 606 534 654 in
595 605 698 655 illis
756 635 823 639 ——
883 606 1120 667 ‘panem':
1178 604 1417 667 spiritum
1472 606 1723 662 sanctum,
1788 604 1874 667 qui
1923 605 2085 652 nutrit

236 692 285 740 in
331 690 491 740 uitam
554 692 832 747 aeternam3
888 694 1096 739 ‘suum':
1154 688 1251 738 sibi
1312 704 1400 752 per
1462 688 1815 737 credulitatem
1873 689 2087 752 promis-

238 793 366 837 sum,
421 779 477 825 ut
524 775 737 825 ‘tunicas
780 780 917 824 suas'
962 774 1014 822 id
1063 776 1141 823 est
1181 773 1279 823 sibi
1320 773 1614 836 promissas
1674 773 1858 836 quibus
1908 789 2086 838 coope-

236 862 322 911 riri
376 878 428 911 se
485 863 676 925 optant,
735 860 793 909 de
846 860 1032 924 quibus
1082 859 1153 908 ait
1199 859 1413 908 Paulus:
1473 861 1719 922 oportet
1766 858 1914 907 hanc
1976 860 2086 908 fra·

239 948 545 1012 gilitatem
602 946 826 995 uestiri
881 945 1250 994 inuiolatum
1304 947 1361 993 et
1406 946 1660 993 mortale
1710 945 1817 993 hoc
1868 945 2085 994 uestiri

236 1032 764 1090 inmortalitatem3
837 1031 1038 1081 ‘auferri
1093 1029 1434 1093 inproperium
1485 1035 1673 1079 suuin':
1739 1029 2082 1092 inproperium

240 1121 318 1167 est
355 1121 621 1182 peccatum
664 1116 936 1180 pristinum
978 1116 1112 1180 quod
1160 1115 1387 1164 aufertur
1433 1114 1482 1164 in
1521 1115 1777 1178 baptismo
1820 1117 1868 1164 et
1909 1115 2088 1179 incipit

240 1204 410 1253 uocari
441 1204 592 1252 homo
630 1202 971 1263 Christianus,
1007 1202 1140 1266 quod
1176 1204 1275 1251 est:
1318 1200 1639 1250 inuocetur
1670 1215 1797 1250 nom
1813 1216 1877 1249 en
1918 1203 2084 1249 tuum

240 1305 419 1352 super
474 1304 594 1337 nos.
651 1288 700 1336 in
741 1288 819 1337 his
863 1303 981 1353 ergo
1024 1289 1220 1351 septem
1262 1286 1491 1335 ecclesiis
1539 1288 1688 1349 putes
1736 1284 1842 1334 fieri
1892 1286 1949 1334 de
1990 1302 2089 1334 una

239 1374 454 1424 ecclesia
495 1371 753 1441 [septem].

310 1462 374 1509 Et
412 1477 498 1524 pro
541 1460 784 1523 qualitate
823 1459 941 1508 fidei
983 1462 1032 1507 et
1073 1457 1334 1508 electionis
1378 1459 1465 1505 aut
1505 1456 1566 1505 ad
1607 1472 1691 1505 eos
1734 1456 1957 1519 scripsit,
2003 1458 2087 1520 qui

241 1549 290 1595 et
341 1547 572 1596 laborant
624 1545 673 1593 in
730 1546 934 1594 saeculo
993 1547 1042 1594 et
1096 1546 1366 1608 operantur
1413 1543 1471 1591 de
1520 1542 1815 1607 frugalitate
1854 1542 2088 1591 laborum

241 1648 448 1682 suorum
505 1635 554 1680 et
593 1631 843 1695 patientes
892 1634 1012 1679 sunt
1053 1634 1118 1691 et,
1162 1645 1274 1680 cum
1316 1628 1524 1678 uideant
1564 1627 1796 1677 homines
1840 1628 2086 1691 quosdam

383 1784 406 1824 2
435 1782 485 1823 cf.
512 1782 625 1823 Esai.
649 1782 687 1833 4,
714 1782 734 1822 1
801 1783 822 1822 7
850 1781 871 1822 l
896 1781 990 1823 Cor.
1019 1782 1084 1833 15,
1111 1783 1164 1823 53
1229 1782 1275 1822 11
1308 1781 1420 1821 Esai.
1445 1783 1484 1833 4,
1512 1782 1530 1821 1
1600 1782 1650 1820 14
1677 1779 1728 1820 cf.
1748 1781 1881 1833 Apoc.
1909 1781 1948 1820 2.
1978 1781 2086 1820 1-—7

300 1883 318 1922 1
346 1887 450 1934 post
482 1884 648 1935 septem
683 1880 785 1921 add.
821 1894 922 1921 uero
957 1880 1016 1933 Sy
1211 1886 1314 1933 post
1345 1880 1548 1920 mulieres
1583 1879 1687 1921 add.
1721 1882 1885 1932 septem
1919 1879 2092 1920 IKMS

239 1955 264 1994 2
295 1954 455 1994 tunicis
489 1953 595 2006 suis]
632 1966 723 1993 cum
758 1952 819 1993 eis
853 1954 955 1992 sunt
984 1952 1060 1992 CB
1143 1953 1167 1993 3
1202 1953 1373 2005 petunt]
1409 1953 1593 2004 poscunt
1624 1950 1660 1991 S
1747 1955 1820 1991 ut.
1844 1985 1849 1991 .
1872 1951 1898 1991 l.
1929 1954 1955 1991 4
1981 1952 2085 2004 illis}

239 2027 409 2066 tantum
441 2026 490 2065 ut
519 2037 675 2064 nomen
706 2024 823 2064 illius
856 2025 1036 2064 uocetur
1066 2036 1195 2076 super
1226 2023 1323 2063 illas
1350 2021 1386 2063 S
1499 2024 1548 2062 ut
1580 2035 1659 2062 om.
1685 2021 1732 2061 F
1846 2025 2025 2063 uocetur
2054 2023 2092 2062 T

235 2098 265 2137 4
286 2101 384 2149 post
409 2108 561 2150 panem
590 2095 692 2136 add.
719 2094 764 2135 id
791 2097 857 2135 est
880 2095 913 2135 I
989 2099 1095 2147 post
1118 2097 1313 2135 sanctum
1341 2093 1444 2135 add.
1480 2093 1595 2134 dicat
1618 2093 1665 2134 F
1721 2094 1745 2133 ἴ)
1771 2107 1892 2134 suum
1918 2094 2088 2146 scripsi.

239 2182 358 2209 suam
391 2165 436 2216 Υ,
469 2181 550 2208 om.
582 2167 617 2206 X
710 2164 807 2219 sibi]
842 2165 924 2206 sibi
956 2165 1163 2206 uidelicet
1195 2165 1231 2206 S
1317 2167 1340 2206 6
1374 2165 1629 2218 promissum
1662 2164 1748 2206 JK
1773 2178 1868 2205 cum
1900 2168 1956 2213 A,
1990 2179 2087 2218 pro—

238 2241 410 2280 missam
445 2236 617 2279 TFMS
730 2240 780 2278 ut
809 2238 980 2291 scripsi,
1015 2239 1059 2278 et
1091 2237 1216 2280 codd.
1320 2237 1491 2277 tunicas
1523 2250 1625 2277 uero
1658 2238 1754 2288 (om.
1789 2238 1850 2286 ut)
1884 2236 1919 2276 S
2006 2236 2087 2277 sibi

236 2309 486 2364 promissas]
528 2308 891 2349 inmortalitatem
930 2308 1186 2361 promissam
1220 2308 1273 2354 (Ι),
1308 2320 1388 2348 om.
1422 2307 1457 2348 S
1580 2307 1735 2360 quibus
1766 2306 1891 2356 IKS,
1925 2307 1998 2360 qui
2038 2308 2085 2353 T,

235 2395 347 2435 quae
385 2380 531 2428 CRM,
565 2393 650 2433 qua
679 2380 726 2420 F
812 2380 835 2420 7
870 2379 1088 2432 cooperire
1120 2379 1168 2420 F
1279 2383 1385 2431 post
1417 2381 1572 2432 optant
1606 2378 1709 2418 add.
1744 2379 2086 2419 immortalitatis

237 2459 305 2494 est
336 2453 475 2506 gloria
499 2452 535 2493 S
621 2452 795 2504 quibus]
831 2464 915 2505 qua
941 2451 974 2491 S
1059 2451 1215 2504 paulus
1241 2450 1303 2490 ait
1327 2450 1549 2503 apostolus
1575 2449 1611 2490 S
1697 2452 1887 2503 oportet]
1915 2454 2089 2503 oportet

237 2527 282 2565 et
317 2525 408 2575 CB,
441 2525 614 2577 oportet
645 2535 746 2576 ergo
779 2521 816 2563 S
931 2522 1041 2563 lianc
1060 2556 1065 2563 .
1087 2554 1095 2562 .
1117 2522 1419 2574 ,inuiolatum]
1455 2520 1736 2574 corruptibile
1761 2521 1841 2560 hoc
1872 2520 1969 2574 (hoc
1996 2535 2085 2562 cor-

235 2595 442 2650 ruptibile
467 2594 612 2644 1KM,
637 2594 720 2635 hoc
745 2595 1062 2647 corruptionem
1088 2593 1151 2644 F)
1179 2592 1358 2633 induere
1383 2592 1752 2645 incorruptionem
1776 2592 1813 2632 X
1839 2605 1934 2633 cum
1960 2592 2086 2645 Vuly.

233 2668 262 2707 8
292 2667 552 2708 inuiolatum
582 2665 751 2718 scripsi,
782 2665 1039 2706 inuiolatam
1072 2663 1106 2704 Υ
1202 2664 1355 2705 uestiri
1381 2664 1513 2716 (alt.>]
1548 2662 1726 2704 induere
1757 2662 1795 2703 X
1871 2664 1896 2703 9
1927 2663 2086 2703 inmor-

235 2738 410 2779 talitate
442 2737 570 2778 FCB
706 2735 874 2777 auferre
906 2736 961 2786 F,
995 2735 1155 2776 auferri
1186 2748 1288 2775 uero
1322 2734 1358 2775 S
1478 2738 1582 2787 post
1613 2747 1737 2774 suum
1770 2733 1874 2774 add.
1906 2734 1988 2774 hoc
2021 2736 2087 2774 ost

233 2809 458 2851 emundari
476 2822 520 2849 se
540 2822 564 2849 a
579 2807 769 2862 peccatis
784 2820 811 2860 9
909 2811 1011 2859 post
1037 2807 1114 2848 alt.
1139 2807 1307 2859 inprop.
1329 2806 1431 2846 add.
1451 2805 1562 2845 enim
1581 2803 1617 2845 S
1676 2804 1728 2845 10
1753 2804 1972 2845 auferetur
1995 2804 2091 2845 TM

291 2881 353 2934 in]
372 2879 445 2921 aq)
512 2880 557 2920 11
579 2879 795 2932 incipiunt
811 2878 957 2919 uocari
973 2877 1170 2918 homines
1189 2875 1461 2918 christianiS
1519 2876 1572 2916 12
1590 2876 1634 2916 in
1650 2875 1718 2916 his
1737 2889 1952 2928 ergo...p.
1969 2878 2041 2927 45,
2060 2878 2087 2915 (5

235 2955 280 2994 in
304 2952 411 2993 solio
435 2951 586 2992 iudicii
610 2970 662 2985 =
686 2951 858 2991 Beatus
883 2950 956 3002 (Ἑ)
977 2963 1022 3002 p.
1053 2950 1235 2991 79—84
1324 2951 1478 3002 putes.
1500 2983 1506 2988 .
1527 2947 1770 2999 electionis]
1797 2947 1922 2987 11111118
1948 2947 2084 2987 66616-

235 3024 324 3064 siae
350 3022 589 3064 catholicae
613 3021 763 3063 fideles
788 3024 889 3061 sunt
908 3021 1011 3074 quia
1027 3033 1114 3060 una
1129 3020 1173 3060 in
1191 3021 1357 3072 septem
1378 3032 1451 3071 pro
1472 3017 1684 3071 qualitate
1708 3017 1802 3071 (per
1827 3016 2083 3070 qualitatem

230 3096 275 3148 9)
305 3094 407 3136 fidei
439 3097 483 3135 et
515 3093 739 3135 electionis
771 3095 837 3133 est
868 3091 929 3145 Sy
1059 3093 1186 3145 putes
1223 3090 1312 3139 CB,
1345 3091 1492 3143 potest
1519 3088 1599 3129 ΤΦ
1726 3092 1830 3141 post
1860 3087 1952 3128 fieri
1978 3087 2081 3128 add.

233 3179 320 3207 una
353 3167 395 3206 et
425 3165 486 3214 K,
520 3167 564 3205 et
594 3164 626 3204 I
741 3164 792 3204 13
825 3166 992 3216 septem
1014 3162 1142 3202 uncis
1164 3161 1327 3202 inclusi
1447 3160 1499 3200 14
1529 3159 1589 3200 Et
1619 3172 1699 3200 om.
1732 3157 1828 3203 ΚΒ,
1860 3157 1937 3197 sed
1969 3160 2012 3197 et
2042 3157 2082 3201 §B

292 3235 539 3277 dilectionis
569 3234 761 3284 IKMQ
793 3233 995 3275 lectionis
1026 3233 1074 3274 F
1172 3235 1248 3272 aut
1280 3244 1360 3274 om.
1392 3230 1537 3279 IKM,
1570 3230 1662 3270 siue
1691 3243 1718 3282 9
1828 3228 2018 3269 scribens
2051 3226 2087 3268 S

292 3307 367 3361 qui
398 3307 457 3361 et]
492 3307 566 3361 qui
596 3305 642 3359 S,
676 3309 720 3347 et
752 3319 835 3359 qua
866 3304 914 3346 F
1001 3305 1053 3345 15
1086 3306 1130 3344 et
1161 3303 1278 3358 (alt.)
1313 3315 1393 3344 om.
1426 3301 1473 3342 F
1561 3302 1612 3342 16
1645 3301 1759 3353 611111]
1795 3312 1922 3352 quam
1953 3298 2001 3338 F
