2470 3718
84 287 279 355 35,8.{⁴

158 1450 173 1460 ,

155 1461 194 1493 ἑ).

231 1449 280 1490 11

303 140 370 189 66
842 135 1028 178 Editio
1064 137 1338 180 Victorini
1370 136 1408 178 V
1441 135 1590 178 3—v1
1626 138 1662 179 1.

380 298 585 349 XXIIII
650 298 929 349 seniores
997 302 1055 350 et
1111 301 1410 364 quattuor
1467 298 1762 350 animalia
1818 299 2090 350 citharas
2149 302 2208 350 et

305 386 492 437 fialas
566 386 886 448 habenteS,
961 389 1286 438 cantantes
1361 387 1674 438 canticum
1744 402 1992 438 nouum:
2065 388 2208 453 <con-

305 477 487 526 iuncta
555 476 750 526 ueteris
815 476 1119 526 testamenti
1181 475 1500 542 praedicatio
1567 491 1684 526 cum
1746 490 1883 526 nouo
1954 476 2205 542 populum

308 563 649 616 christianum
687 563 916 615 ostendit
958 566 1254 615 cantantem
1296 563 1556 615 canticum
1599 564 1838 630 nouum>,
1877 563 1933 613 id
1973 566 2054 614 est
2093 578 2210 614 con-

308 653 590 704 fessionem
649 668 797 704 suam
854 651 1063 718 publice
1119 651 1491 718 proferentium
1551 648 1818 720 [uidetur]
1881 666 2076 703 nouum
2133 653 2215 702 est
2267 667 2289 701 5

308 742 476 792 filium
519 741 601 792 dei
640 741 903 792 hominem
944 740 1071 803 fieri,
1106 756 1304 791 nouum
1345 740 1502 791 etiam
1545 740 1763 791 eundem
1808 739 1869 790 ab
1910 739 2213 791 hominibus

310 830 467 881 morti
508 829 660 892 tradi,
701 845 898 880 nouum
939 829 1096 880 tertia
1138 828 1219 880 die
1267 844 1557 896 resurgere,
1601 845 1794 879 nouum
1841 843 1958 878 cum
2003 842 2214 894 corpore

311 919 361 968 in
398 917 554 968 caelis
591 917 885 978 ascendere,
921 932 1117 967 nouum
1154 916 1520 967 remissionem
1554 920 1887 981 peccatorum
1913 915 2215 966 hominibus

314 1006 440 1068 dari,
483 1021 677 1057 nouum
730 1005 917 1070 spiritu
968 1006 1146 1056 sancto
1198 1004 1392 1071 signari
1442 1004 1698 1068 homineS,
1740 1021 1936 1056 nouum
1980 1003 2217 1055 sacerdo-

313 1095 443 1145 tium
503 1094 736 1159 accipere
802 1093 1180 1144 obsecrationis
1239 1094 1289 1143 et
1343 1108 1563 1160 regnum
1624 1094 1894 1158 expectare
1949 1091 2215 1142 inmensae
2252 1107 2293 1140 ιο

314 1182 750 1249 repromissionis
802 1182 1053 1232 citharam
1104 1182 1239 1232 enim
1291 1183 1555 1232 extensam
1603 1180 1654 1231 in
1702 1181 1847 1247 ligno
1890 1179 2220 1248 significabat

317 1287 503 1337 corpus
555 1269 751 1322 Christi
799 1269 1034 1334 passioni
1085 1268 1420 1321 coniunctum
1474 1265 1545 1337 [id
1594 1270 1673 1319 est
1728 1284 1932 1319 carnem
1985 1264 2217 1337 Christi}

316 1360 486 1411 fialam
522 1362 697 1410 autem
732 1358 1115 1410 confessionem
1160 1360 1211 1409 et
1250 1357 1373 1408 noui
1416 1355 1524 1426 [fol.
1563 1354 1671 1426 lOv]
1718 1356 1997 1408 sacerdotii
2037 1370 2220 1422 propa-

320 1449 507 1516 ginem.
573 1447 932 1514 angelorum
997 1446 1357 1497 multorum:
1416 1446 1576 1496 immo
1636 1445 1885 1507 omnium,
1942 1444 2220 1495 uniuersae

319 1535 591 1586 electionis
650 1535 858 1586 domino
914 1537 1090 1585 nostro
1150 1533 1558 1602 gratulationem
1614 1533 1951 1584 referentium
2009 1532 2220 1582 elibera-
2255 1550 2299 1584 15

318 1624 477 1674 tionis
520 1623 792 1674 hominum
835 1623 895 1673 de
939 1622 1084 1673 clade
1130 1622 1330 1673 mortis,

1156 1793 1282 1837 CAP.
1317 1793 1392 1836 VI.

395 1885 699 1952 Resignatio
744 1885 1057 1951 sigillorum,
1101 1887 1161 1935 ut
1202 1885 1446 1947 diximUS,
1490 1885 1687 1950 apertio
1723 1886 1804 1935 est
1836 1883 2032 1935 ueteris
2066 1885 2225 1934 testa-

321 1975 484 2026 menti
536 1974 954 2040 praedicatorum
1012 1976 1064 2024 et
1115 1974 1500 2040 praenuntiatio
1557 1974 1606 2024 in
1657 1973 1948 2025 nouissimo
1990 1975 2226 2038 tempore

322 2062 640 2123 futurorum3
687 2078 816 2128 quae
857 2062 984 2113 licet
1024 2062 1284 2128 scriptura
1323 2061 1630 2129 prophetica
1669 2077 1760 2128 per
1801 2061 2010 2129 singula
2051 2060 2228 2127 sigilla
2259 2080 2304 2114 20

326 2151 480 2214 dicat,
540 2151 783 2203 omnibus
839 2154 1015 2201 tamen
1075 2150 1236 2202 simul
1292 2150 1486 2217 apertis
1540 2150 1731 2218 sigillis
1790 2149 2022 2201 ordinem
2073 2163 2226 2199 suum

475 2322 500 2362 2
532 2334 649 2375 pars
679 2321 899 2375 promma
942 2333 968 2361 α
1009 2319 1161 2361 uerbis
1204 2318 1442 2361 coniuncta
1481 2321 1649 2362 ueteris
1687 2320 1952 2362 testamenti
1990 2333 2131 2377 usque
2171 2322 2233 2364 ad

326 2394 467 2436 uerba
502 2394 554 2437 de
589 2393 714 2437 clade
740 2393 898 2436 mortis
932 2394 1032 2447 (lin.
1057 2393 1132 2449 16)
1167 2397 1318 2435 eoestat
1352 2392 1479 2447 apud
1501 2393 1700 2436 Beatum
1732 2396 1799 2447 (p.
1826 2396 1926 2436 289
1949 2394 2031 2451 sq.)
2097 2395 2149 2437 10
2177 2394 2231 2438 cf.

327 2470 463 2523 Apoc.
501 2467 538 2521 1,
572 2469 610 2510 6.
647 2468 687 2523 5,
724 2468 776 2510 10
850 2468 903 2509 15
932 2466 1185 2521 electionis]
1215 2465 1272 2520 ef.
1297 2466 1332 2508 I
1358 2465 1472 2508 Tim.
1512 2469 1551 2520 5,
1586 2468 1664 2508 21.-
1698 2466 1853 2509 electis
1888 2467 2060 2523 angelis
2154 2481 2232 2510 an-

330 2541 453 2597 gelos
493 2542 695 2583 homines
738 2541 862 2594 dicit,
911 2541 988 2595 qui
1037 2542 1082 2583 et
1127 2540 1210 2582 filii
1259 2539 1330 2581 dei
1372 2539 1580 2582 dicuntur
1617 2539 1916 2596 Pon-August.
1964 2540 2116 2584 homil.
2157 2541 2238 2583 IV

331 2615 556 2670 (XXXV
585 2617 718 2657 2424
748 2614 823 2667 M)

391 2720 416 2760 2
451 2719 717 2762 coniuncta.
738 2751 747 2760 .
766 2719 846 2761 lin.
885 2722 912 2760 4
942 2732 1109 2760 nouum
1141 2731 1224 2761 om.
1250 2717 1294 2759 A
1317 2722 1508 2772 propter
1539 2717 1921 2760 homoeoteleuton
2005 2717 2030 2760 5
2056 2717 2237 2759 uidetur

332 2794 463 2836 uncis
495 2793 662 2835 inclusi
767 2805 932 2834 nouum
965 2792 1127 2846 septies
1160 2796 1454 2834 enumeratur
1548 2792 1601 2834 12
1636 2791 1917 2833 coniunctam
1943 2790 1987 2833 A
2093 2791 2237 2833 uerba

334 2866 379 2908 id
412 2869 480 2909 est
514 2879 688 2908 carnem
715 2865 883 2909 Christi
909 2866 1041 2908 uncis
1072 2866 1254 2920 inclusi,
1281 2867 1338 2920 cf.
1365 2865 1494 2908 codd.
1520 2863 1555 2907 Υ
1618 2865 1671 2908 13
1698 2864 1923 2908 sacerdoti
1947 2865 1992 2908 A
2056 2865 2110 2908 14
2134 2864 2233 2906 uni-

333 2953 487 2982 uersae
519 2940 692 2994 scripsi,
727 2940 933 2982 uniuersa
957 2939 1001 2981 A
1066 2940 1118 2981 15
1154 2940 1386 2982 electionis
1418 2939 1593 2994 scripsi,
1628 2939 1869 2982 electiones
1901 2939 1946 2980 A
2039 2937 2233 2993 domino]

337 3014 450 3056 dono
484 3014 527 3055 A
663 3013 907 3068 gratulatio
941 3013 985 3054 A
1124 3012 1430 3055 eliberationis
1464 3033 1518 3049 :s
1553 3011 1934 3068 ἐξελευθερώσεως
2022 3011 2074 3054 18
2108 3011 2235 3065 sigil-

334 3088 498 3143 lorum]
537 3086 812 3142 singulorum
849 3087 893 3128 A
1014 3087 1099 3141 est]
1137 3089 1181 3129 et
1212 3087 1256 3128 A
1351 3087 1405 3129 20
1441 3087 1567 3141 quae]
1603 3099 1733 3140 quem
1766 3087 1808 3127 A
