2470 3718
341 151 443 201 140
918 149 1109 192 Editio
1145 149 1420 192 Victorini
1451 150 1531 192 XX
1567 151 1693 194 1-2,

337 309 586 360 mortui
650 309 854 375 ‘scripti
915 310 967 360 in
1031 311 1164 363 libro
1228 312 1389 363 uitae'
1454 315 1517 363 et
1577 318 2033 380 regnauerunh
2099 331 2237 367 cum

336 397 612 449 Christo
662 398 851 449 mille
901 414 1119 451 annos.
1161 399 1321 451 haec
1361 402 1786 454 resurrectio
1828 403 2055 470 prima.
2098 404 2236 455 bea-

333 488 440 537 tus
484 489 546 537 et
585 488 884 549 sanctus,
929 487 1042 552 qui
1083 487 1286 538 habet
1325 491 1581 554 partem
1621 491 1683 540 in
1725 493 2238 545 resurrectione

332 574 567 640 prima:
617 574 691 625 ad
739 574 910 626 hunc
959 591 1132 626 mors
1184 576 1477 628 secunda
1526 593 1648 629 non
1697 578 1901 630 habet
1939 583 2238 646 potesta-

332 665 474 713 tem.
511 662 572 713 de
613 662 711 713 hac
752 664 1134 715 resurrectione
1168 663 1361 730 inquit:
1396 667 1459 716 et
1492 666 1635 716 uidi
1669 683 1907 734 agnum
1942 671 2239 720 stantem
2295 686 2314 718 5

334 754 396 803 et
436 767 578 802 cum
628 767 696 803 eo
751 751 995 803 GXLIIII
1034 752 1238 816 milia,
1273 753 1326 803 id
1370 757 1450 805 est
1484 770 1602 806 cum
1637 755 1846 808 Christo
1891 759 2109 821 stantes,
2153 774 2239 809 eos

333 839 551 904 scilicet,
602 840 690 906 qui
739 855 798 892 ex
845 840 1023 892 Iudeis
1071 841 1123 892 in
1172 842 1462 895 nouissimo
1519 846 1755 909 ’tempore
1814 849 1936 896 sunb
1993 846 2240 897 credituri

329 944 421 994 per
465 928 906 994 praedicationem
946 929 1148 991 Heliae,
1200 946 1330 995 quos
1379 947 1476 982 non
1523 931 1694 983 solum
1749 935 1976 984 testatur
2024 934 2239 1000 spiritus

332 1032 544 1083 corpore
593 1016 830 1084 uirgineo
882 1017 974 1068 sed
1025 1020 1075 1068 et
1122 1018 1314 1087 lingua.
1356 1019 1474 1070 ideo
1517 1021 1758 1086 superius
1800 1021 2042 1072 meminit,
2081 1023 2234 1073 maio-

330 1120 412 1155 res
462 1106 587 1155 natu
636 1105 843 1155 XXIIII
894 1105 1109 1157 dixisse:
1150 1107 1411 1173 gratias
1461 1108 1723 1175 agimus
1773 1109 1920 1172 tibi,
1972 1109 2234 1162 domine
2268 1127 2309 1161 10

332 1191 512 1253 deuS,
565 1192 690 1258 quiv
724 1193 1061 1259 regnasti;
1107 1196 1169 1244 et
1218 1197 1457 1261 genbes
1507 1196 1908 1264 indignatae
1952 1201 2123 1250 sunt.

254 1276 285 1328 2
401 1280 457 1330 In
493 1279 588 1331 hac
632 1279 812 1332 eadem
854 1281 1021 1346 prima
1060 1280 1322 1351 resin-[fol.
1360 1281 1703 1352 20¹]rectione
1739 1287 1790 1336 et
1831 1285 2019 1337 ciuitas
2061 1287 2240 1338 futura

481 1451 500 1492 1
540 1450 596 1493 cf.
629 1451 766 1507 Apoc.
798 1453 869 1506 21,
902 1453 956 1495 27
1030 1453 1054 1495 5
1087 1452 1226 1508 Apoc.
1262 1454 1329 1509 14,
1359 1455 1378 1495 1
1453 1455 1477 1497 9
1506 1454 1561 1497 cf.
1594 1456 1731 1511 Apoc.
1770 1456 1837 1511 14,
1863 1457 1905 1498 4.
1932 1457 1956 1499 5
2023 1457 2075 1500 10
2101 1458 2236 1513 Apoc.

332 1524 399 1577 11,
436 1523 504 1566 17.
543 1524 594 1567 18

387 1626 413 1668 2
440 1627 569 1681 haec]
607 1626 660 1669 de
694 1627 839 1683 prima
870 1630 1195 1672 resurrectione
1227 1630 1269 1672 A
1303 1631 1353 1673 m
1384 1645 1464 1686 my.
1566 1631 1593 1673 4
1628 1630 1683 1673 ad
1715 1632 1832 1674 hunc
1867 1634 1940 1684 (=
1975 1631 2042 1674 ἐπὶ
2072 1636 2239 1688 τοῦτον)

327 1700 504 1753 scripsi,
544 1700 648 1743 item
681 1700 966 1757 Hippolytus
1006 1702 1058 1745 de
1089 1703 1374 1747 Antichristo
1415 1719 1448 1747 c.
1487 1706 1568 1747 65.-
1604 1704 1668 1747 ἐπὶ
1700 1711 1849 1747 τοῦτον
1886 1706 2031 1760 (codd.
2063 1705 2237 1759 ΗΕΒ),

328 1771 474 1815 adhuc
506 1774 549 1815 A
642 1775 666 1815 5
701 1775 863 1831 inquit]
898 1776 1047 1831 inquit
1081 1777 1144 1819 ait
1177 1778 1221 1818 A
1313 1777 1338 1819 8
1371 1778 1488 1820 helie
1521 1778 1564 1819 A
1694 1792 1803 1834 quos
1835 1780 2010 1833 scripsi,
2045 1778 2162 1834 quod
2193 1778 2237 1820 A
