2470 3718
361 142 461 191 152
912 137 1103 179 Editio
1139 136 1411 179 Victorini
1446 135 1547 177 XXI
1580 136 1708 177 3—5.

356 317 547 368 gnum
605 300 723 350 hoc
781 299 916 349 alia
971 314 1129 365 gens
1180 313 1299 348 non
1350 296 1730 362 indagabit3
1771 313 2048 362 namque
2090 297 2251 348 deus

354 389 699 453 percutiet
733 388 796 437 et
826 386 1182 453 indagabit
1218 385 1436 436 omnia
1468 399 1668 451 regna
1703 387 1940 447 terrae,
1968 384 2252 451 etipsud

354 475 651 527 manebit
691 476 751 525 in
795 478 1211 541 perpetuum.

276 561 311 612 4
425 565 597 615 Huius
646 564 790 630 regni
838 563 1159 613 mentionem
1207 561 1449 613 meminit
1496 564 1548 612 et
1595 561 1793 611 Paulus
1843 560 1907 611 ad
1956 559 2252 612 Corinthios

349 652 591 703 dicendo:
628 653 898 716 oportet
938 667 1077 701 eum
1118 664 1419 716 regnare,
1457 649 1662 700 donec
1696 651 1898 714 ponat
1930 649 2248 699 inimicos

348 757 505 792 suos
551 740 667 791 sub
711 739 995 806 pedibus
1040 738 1186 790 sibi.
1230 739 1278 788 in
1321 739 1418 790 hoc
1463 753 1621 805 regno
1666 738 1855 788 dicturi
1896 739 2019 788 sunt
2059 737 2250 788 sancti:

347 828 651 890 exultaui,
695 826 1138 893 quemadmodum
1174 826 1490 877 audiuimus
1524 825 1574 876 in
1611 826 1792 876 eodem
1826 841 1984 891 regno
2018 825 2253 876 inueniet

350 918 607 983 integram
650 916 803 967 fidem
847 918 1130 978 seruantes,
1168 931 1295 979 quos
1339 915 1468 966 dicit
1509 915 1795 965 stetisse
1839 930 2038 979 supra
2078 930 2249 964 mare

352 1005 665 1065 uitreum,
708 1005 1036 1054 habentes
1098 1003 1399 1054 citharas
1458 1006 1521 1053 et
1575 1002 1800 1061 fialaS,
1849 1002 1902 1052 id
1959 1004 2040 1053 est
2095 1017 2252 1066 super

350 1093 674 1158 baptismum
725 1109 880 1143 sunm
930 1092 1194 1142 stabiliter
1243 1091 1543 1142 constitisse
1586 1095 1637 1141 et
1678 1090 2060 1141 confessionem
2102 1104 2248 1139 suam

349 1182 400 1231 in
434 1197 527 1232 -ore
568 1181 820 1231 habentes
862 1180 934 1230 ibi
978 1179 1315 1230 exultaturos

276 1287 307 1318 o
423 1269 479 1319 In
523 1269 620 1319 hoc
660 1283 817 1334 regno
851 1267 1094 1333 promisit
1127 1267 1293 1318 seruis
1329 1268 1439 1318 suis
1476 1266 1715 1317 dicendo:
1751 1265 2064 1332 quisquis
2099 1265 2250 1315 reli-

351 1357 576 1422 querit
615 1359 868 1422 patrem
910 1360 1022 1405 aut
1062 1358 1335 1405 matrem
1379 1355 1486 1405 uel
1528 1356 1806 1406 fratrem
1849 1357 1910 1405 et
1953 1368 2245 1404 sororem

349 1447 474 1496 mei
500 1444 788 1496 nominis
818 1460 1034 1506 causa,
1063 1446 1323 1494 centum
1359 1444 1670 1510 partibus
1706 1443 2246 1509 multiplicatam

349 1534 641 1599 recipiet
687 1533 1056 1584 mercedem
1109 1535 1170 1583 et
1218 1548 1403 1593 nunc,
1453 1535 1514 1583 et
1568 1532 1631 1581 in
1687 1532 1989 1581 futurum
2039 1530 2247 1579 uitam

350 1627 682 1673 aeternam
725 1621 1130 1688 possidebit.
1175 1621 1224 1671 in
1277 1621 1373 1672 hoc
1416 1635 1589 1687 regno,
1635 1620 1722 1686 qui
1763 1619 1988 1670 fraudati
2031 1620 2154 1669 sunt
2192 1618 2242 1667 in

348 1712 496 1762 bonis
528 1713 736 1777 propter
768 1726 953 1761 nomen
992 1709 1204 1771 domini,
1240 1709 1394 1760 etiam
1424 1708 1665 1760 omnibus
1695 1708 1978 1759 sceleribus
2007 1709 2058 1757 et
2085 1721 2248 1757 carce-

347 1801 491 1851 ribus
521 1800 690 1850 necati
717 1799 870 1850 multi
895 1831 956 1835 —
981 1799 1072 1849 sed
1100 1802 1217 1849 ante
1245 1799 1530 1850 aduentum
1561 1798 1755 1849 domini
1782 1798 2066 1863 prophetae
2086 1795 2250 1847 sancti

346 1890 565 1955 lapidati
600 1888 767 1939 necati
803 1888 962 1938 secati
998 1890 1119 1938 sunt
1151 1919 1237 1949 —,
1274 1886 1548 1954 ‘accipient
1582 1886 1830 1938 solatium
1866 1891 2056 1947 suum'‚
2091 1884 2138 1934 id
2170 1887 2250 1935 est

344 1993 560 2028 coronas
604 1992 661 2027 ac
703 1976 916 2027 diuitias
961 1976 1231 2027 caelestes.
1274 1976 1323 2025 in
1367 1976 1464 2026 hoc
1506 1990 1663 2042 regno
1705 1973 1950 2039 promisit
1992 1989 2046 2024 se
2089 1974 2249 2024 domi-

346 2081 441 2115 nns
483 2064 809 2115 redditurum
845 2080 933 2127 pro
970 2064 1137 2126 annis,
1179 2063 1368 2129 quibus
1411 2062 1659 2114 ‘comedit
1689 2062 1901 2112 lucusta
1937 2065 1988 2112 et
2021 2061 2250 2112 bruchus

349 2156 400 2203 et
445 2149 551 2221 [fol.
595 2152 701 2219 221]
743 2152 1069 2217 corruptela‘.
1111 2151 1160 2201 in
1204 2151 1301 2202 hoc
1344 2150 1641 2202 seruabitur
1683 2149 1872 2200 creatio
1915 2150 2160 2200 uniuersa
2202 2153 2252 2198 et

348 2240 616 2292 recondita
655 2240 707 2289 in
750 2256 804 2290 se
847 2240 978 2290 bona
1018 2241 1168 2290 iussu
1211 2240 1294 2290 dei
1336 2238 1609 2290 eructabit.
1652 2238 1736 2288 hic
1787 2237 2044 2303 accipient
2085 2237 2250 2287 sancti

348 2331 454 2395 ‘pro
499 2331 794 2379 aeramento
838 2343 1021 2378 aurum
1065 2330 1116 2378 et
1156 2344 1245 2395 pro
1292 2328 1426 2378 ferro
1479 2329 1754 2394 argentum
1806 2328 1858 2376 et
1898 2325 2100 2391 lapides
2141 2340 2251 2390 pre-

493 2531 517 2573 5
551 2530 572 2571 Ι
605 2530 703 2572 Cor.
739 2530 806 2583 15,
841 2530 895 2571 25
982 2530 1004 2570 7
1040 2528 1094 2571 cf.
1127 2528 1263 2583 Apoc.
1301 2529 1367 2579 19,
1403 2529 1426 2570 7
1516 2528 1657 2569 8-11
1696 2527 1750 2582 cf.
1785 2540 1947 2570 recens.
1981 2525 2252 2580 Hieronymi

338 2619 385 2659 p.
419 2608 523 2657 137,
562 2605 708 2645 9—12
844 2603 869 2644 8
902 2602 1040 2657 Apoc.
1075 2602 1144 2656 15,
1177 2603 1202 2643 2
1329 2602 1382 2644 12
1417 2600 1581 2643 Matth.
1619 2602 1686 2656 19,
1719 2602 1795 2651 293
1831 2601 1886 2654 cf.
1922 2599 2110 2642 Irenaez'
2143 2598 2251 2640 adu.

343 2679 546 2720 haereses
580 2677 686 2718 lz'brz’
719 2675 759 2717 V
789 2689 823 2720 0.
851 2678 925 2724 33,
961 2678 1014 2717 2.·
1049 2675 1303 2730 centuplum
1340 2673 1532 2730 accipiet
1564 2675 1608 2716 in
1641 2675 1724 2716 hoc
1759 2673 1935 2715 saeculo
1961 2672 2074 2714 etin
2100 2671 2249 2713 futuro

345 2752 483 2793 uitam
520 2752 746 2792 aeternam
779 2749 1057 2791 hereditabit
1211 2749 1262 2791 18
1299 2748 1353 2790 cf.
1387 2748 1523 2790 Hebr.
1560 2748 1629 2797 11,
1666 2748 1735 2792 36.
1770 2748 1823 2789 37
1860 2751 1898 2788 et
1935 2745 2253 2788 Commodiani

344 2838 525 2875 carmen
552 2824 727 2877 apologs.
751 2836 794 2864 u.
824 2825 932 2864 221:
960 2822 1140 2864 Esaiam
1167 2825 1353 2875 serrant,
1379 2821 1582 2876 lapidant
1608 2820 1878 2863 Hieremiam
1907 2820 2043 2861 erecti
2116 2818 2168 2859 19
2195 2817 2249 2859 cf·

343 2898 448 2939 Luc.
485 2897 552 2950 16,
586 2897 640 2937 25
785 2895 837 2935 21
875 2894 929 2936 cf.
973 2894 1065 2936 Ioel
1111 2895 1152 2945 2,
1193 2894 1248 2935 25
1407 2894 1463 2936 23
1505 2893 1558 2936 cf.
1604 2894 1740 2949 Apoc.
1784 2893 1852 2943 20,
1904 2893 1955 2935 13
2099 2891 2156 2933 24
2196 2890 2248 2932 cf.

344 2970 462 3012 Esai.
497 2969 567 3022 60,
606 2968 656 3009 17

403 3074 428 3114 2
462 3084 598 3126 regna
631 3072 773 3112 terrae
806 3069 982 3123 scripsi,
1016 3072 1253 3123 regnature
1287 3069 1329 3110 A
1436 3070 1461 3110 3
1496 3069 1825 3124 imperpetuum
1858 3068 1902 3109 A
1997 3069 2025 3109 4
2059 3067 2246 3108 mentio-

342 3146 458 3200 nem]
492 3144 657 3186 Paulus
691 3142 747 3184 ad
783 3142 1038 3184 Corinthios
1069 3141 1113 3183 A
1144 3142 1195 3185 in
1226 3156 1309 3198 my.
1467 3141 1738 3184 mentionem
1775 3141 1979 3183 meminit
2010 3160 2064 3176 z
2099 3137 2242 3197 μνείαν

343 3217 568 3275 μιμνήσκει
655 3217 706 3258 11
741 3229 862 3257 more
895 3216 1022 3269 AmI,
1055 3214 1100 3256 in
1135 3228 1209 3256 ore
1241 3218 1317 3257 m2
1405 3214 1458 3256 14
1491 3228 1668 3256 causam
1699 3213 1744 3256 A
1855 3212 2167 3268 multiplicatis
2199 3211 2243 3251 A

348 3291 399 3332 18
432 3290 579 3333 necati
613 3289 743 3331 multi
775 3289 950 3343 scripsi,
984 3290 1165 3330 necatos
1197 3289 1362 3330 multos
1395 3288 1440 3329 A
1545 3287 1597 3329 21
1633 3287 1880 3329 rediturum
1912 3288 1955 3327 A
2060 3284 2114 3327 22
2150 3298 2240 3326 cor-

344 3363 538 3419 ruptelia
572 3363 612 3404 A
705 3363 760 3404 23
796 3363 1065 3417 accipientes
1099 3362 1141 3402 A
1233 3362 1288 3403 24
1323 3363 1576 3403 aeramento
1609 3360 1780 3414 scripsi,
1816 3373 2020 3402 aeramen
2053 3359 2095 3399 A

2284 1107 2325 1139 11)

2285 1549 2323 1582 15

2284 1990 2325 2023 20
