2470 3718
809 266 1402 320 Prolegomena13.
1866 253 2039 303 XXIH

188 428 282 477 hoc
318 428 661 491 fragmentum
703 428 869 476 exstat
897 449 965 469 z
1001 425 1215 476 CXXIX
1259 425 1393 475 1369
1435 425 1535 493 M);
1607 425 1770 475 denuo
1813 425 2036 475 codicem

187 512 545 563 conferendum
579 512 778 562 curauit
810 512 1188 576 editionemque
1226 512 1490 561 luculenta
1522 510 1867 575 disputatione
1900 510 2038 560 auxit

184 599 338 648 Ernst
381 613 478 647 von
525 598 818 648 Dobschiitz
866 596 1043 664 (Teate
1080 601 1188 651 und
1235 600 1702 667 Untersuchunyen,
1744 597 1845 646 uol.
1876 587 1963 659 XI,
2008 599 2032 645 1

184 683 396 751 p.137>.
436 699 492 733 ex
532 683 639 734 cod.
666 685 834 733 autem
866 683 1114 733 Patauino
1155 683 1251 732 hoc
1290 685 1701 743 monumentum,
1742 682 1825 732 cui
1864 697 2035 747 supra·

186 770 435 833 scriptum
476 773 554 819 est
591 784 771 819 nomen
817 773 1182 839 Hieronymus,
1230 768 1426 831 publici
1463 768 1590 818 iuris
1636 767 1758 818 fecit
1798 767 2034 818 Germain

184 855 347 905 Morin
388 854 635 921 (Journal
673 858 736 922 of
769 858 935 908 Theol.
971 856 1193 920 Studies‚
1234 855 1335 904 uol.
1361 852 1458 902 VII
1498 870 1543 917 p.
1571 852 1716 920 459).
1756 854 2035 919 repetimus

184 943 355 990 autem
397 943 630 990 accurate
670 942 864 989 textum
907 940 1016 989 cod.
1042 941 1099 989 A
1138 944 1188 988 et
1227 938 1371 989 uncis
1410 938 1646 989 rotundis
1685 939 1911 989 inclusas
1953 939 2036 988 ad-

185 1025 351 1075 dimus
399 1026 645 1076 iectiones
692 1026 949 1075 uariantes
998 1025 1106 1076 cod.
1135 1027 1215 1075 P:
1263 1028 1328 1078 In
1375 1030 1756 1078 commentariis
1792 1030 2034 1078 uictorini

182 1117 316 1164 inter
349 1117 584 1181 plurima
634 1111 819 1177 (cetera
858 1110 921 1178 P)
960 1116 1045 1165 hec
1084 1116 1239 1164 etiam
1278 1116 1471 1180 scripta
1515 1116 1802 1180 reperimus
1847 1108 2036 1180 (reperi

183 1203 314 1267 quod
333 1198 394 1264 P)
417 1203 712 1252 inuenionus
736 1195 860 1264 (om.
881 1198 943 1260 P)
968 1202 1026 1250 in
1048 1201 1360 1250 membranis
1382 1200 1626 1250 alexandi
1642 1195 1956 1262 (Aleoeandri
1973 1195 2033 1262 P)

181 1267 262 1355 effi
316 1290 402 1354 qui
441 1288 563 1352 fuit
614 1289 670 1337 in
723 1288 990 1354 hyerusale
1043 1282 1339 1349 (ierusalem
1387 1281 1450 1349 P)
1513 1287 1645 1352 quod
1706 1288 2036 1352 transcripsit

180 1391 337 1424 manu
379 1390 473 1423 sua
511 1372 692 1434 (manu
725 1375 946 1438 propria
976 1368 1040 1436 P)
1080 1373 1139 1422 de
1169 1372 1546 1438 exemplaribus
1579 1374 1920 1438 apostolorum
1958 1374 2032 1422 ita

180 1456 304 1523 (om.
330 1455 392 1521 Ρ)
432 1459 578 1508 VIII
609 1444 669 1507 Ιεῖ
699 1452 823 1508 ἱαῖῗφῖ
860 1463 1012 1508 natus
1051 1464 1123 1508 est
1161 1452 1259 1507 diis
1296 1450 1386 1507 nrt
1423 1453 1546 1519 (om.
1573 1453 1638 1519 P)
1679 1444 1762 1508 ilis
1799 1457 1893 1521 γ’,ρσ
1933 1460 2033 1508 sul-

172 1547 306 1612 pitio
330 1546 567 1611 (suplicio
586 1540 648 1608 Ρ)
673 1549 718 1594 et
742 1547 995 1595 camerino
1021 1540 1288 1607 (cromatio
1307 1539 1434 1635 Ρ)Ν
1394 1545 1619 1594 consulis
1640 1539 1951 1607 (consulibus
1968 1540 2032 1606 Ρ)

179 1627 362 1694 et(om.
383 1629 750 1697 P)baptizatus
766 1636 837 1681 est
854 1626 974 1695 (om.
993 1625 1056 1695 Ρ)
1087 1630 1223 1680 VIII
1235 1631 1326 1680 id
1308 1647 1430 1680 ianr
1371 1621 1716 1681 ualeriano
1734 1625 1953 1692 (ualerio
1971 1625 2032 1692 P)

179 1723 223 1767 et
269 1720 481 1767 asiatico
527 1735 659 1770 cons
706 1712 798 1779 (z
838 1719 1036 1768 consule
1082 1715 1154 1773 A;
1201 1717 1490 1767 consulibus
1536 1712 1613 1779 Ρ).
1654 1734 1846 1782 passus
1891 1712 2032 1778 (uero

180 1800 291 1849 add.
319 1799 381 1865 Ρ)
368 1802 492 1858 )est
530 1799 651 1866 (om.
685 1799 747 1866 Ρ)
779 1803 849 1853 Χ.
890 1798 1076 1865 (VIIL
1101 1798 1234 1897 Ρ)Ν
1203 1803 1257 1852 kl
1294 1788 1389 1869 apt
1415 1820 1597 1853 nerone
1631 1802 1729 1852 III
1757 1800 1930 1863 (tercio
1971 1798 2031 1865 1³)

177 1896 221 1939 ct
260 1891 478 1940 ualerio
513 1890 707 1940 mesala
737 1884 855 1952 (me
864 1891 976 1940 sula
1008 1886 1071 1967 P)
1112 1906 1256 1939 conss
1290 1884 1603 1951 (consulibus
1634 1886 1697 1952 P)
1735 1891 2030 1939 resurrexit.

177 1972 410 2038 (Surexit
449 1971 512 2040 P)
560 1974 714 2027 VIII.
755 1969 880 2037 (VI.
906 1971 970 2038 P)
1012 1960 1068 2025 ki
1109 1977 1197 2041 apl
1235 1993 1378 2025 conss
1416 1970 1730 2037 (consulibus
1764 1970 1829 2038 P)
1872 1992 2032 2040 supra

178 2065 383 2127 scriptis
425 2063 652 2114 ascendit
695 2063 751 2111 in
800 2063 924 2111 celos
971 2062 1020 2110 V
1055 2078 1153 2111 non
1199 2063 1368 2111 maias
1410 2066 1528 2127 post
1572 2062 1682 2111 dies
1727 2061 1846 2111 XL.
1888 2079 2030 2112 conss

177 2166 335 2214 snpra
375 2150 593 2215 scriptis.
639 2149 881 2198 iohannis
919 2149 1144 2214 baptista
1183 2150 1415 2198 nascitur
1454 2148 1600 2197 IIII
1631 2147 1702 2198 kl.
1733 2133 1819 2197 ius
1849 2152 1895 2197 et
1933 2150 2029 2197 eir-

176 2235 483 2285 eumeiditur
523 2235 590 2285 kl.
622 2237 699 2285 iul
738 2236 808 2285 ad
845 2236 1071 2284 mariam
1110 2251 1228 2284 uero
1262 2227 1547 2297 [fol.138]
1596 2235 1791 2284 locutus
1828 2238 1900 2283 est
1938 2251 2030 2283 an-

172 2323 305 2388 yelos
344 2316 465 2383 (sic)
505 2321 650 2371 VIII
681 2307 713 2370 J}
745 2305 838 2386 apt
866 2325 1000 2370 sexto
1038 2321 1146 2371 iam
1185 2322 1522 2385 conceptionis
1558 2333 1751 2370 mense·
1791 2321 2024 2370 elisabeth

174 2408 355 2457 habere
384 2407 555 2457 dicens
585 2425 643 2457 ex
675 2424 769 2474 quo
801 2402 1052 2469 (ascendit
1083 2408 1139 2456 in
1170 2407 1385 2456 celos..
1422 2447 1432 2456 .
1466 2423 1525 2456 ex
1556 2423 1652 2473 quo
1685 2417 1783 2454 om.
1808 2401 1871 2469 P)
1911 2424 2028 2473 sup-

167 2498 389 2559 putatur
427 2488 636 2559 (quippe
675 2489 788 2539 add.
814 2487 876 2556 P)
915 2492 1083 2542 eodem
1121 2493 1203 2542 die
1241 2485 1365 2542 dn‘Tn
1389 2493 1568 2557 fuisse
1606 2496 1894 2557 conceptum
1933 2510 2027 2559 quo

174 2584 219 2628 et
259 2580 551 2629 resurrexit.
592 2579 757 2628 Amen
796 2574 918 2641 (om.
947 2574 1026 2641 P).

250 2661 372 2710 Post
407 2666 690 2714 resurrexit
730 2660 871 2711 addit
901 2662 965 2710 P
991 2660 1117 2711 haec
1148 2660 1327 2711 uerba:
1355 2665 1508 2729 feria
1546 2664 1638 2714 VJ.
1662 2666 2023 2715 annunciatus.

160 2751 272 2815 fer.
305 2751 348 2800 I.
383 2755 537 2800 natus
561 2746 583 2814 ΙΙ
603 2751 714 2815 fer.
756 2751 816 2801 V.
850 2751 1156 2817 baptizatus.
1183 2751 1296 2815 fer.
1339 2750 1428 2801 VI.
1454 2768 1647 2817 passus
1673 2746 1694 2813 ΙΙ
1720 2751 1770 2801 A
1816 2751 1897 2800 die
1935 2768 2026 2800 na-

174 2838 398 2886 tiuitatis
415 2837 611 2886 domini
628 2853 783 2903 usque
809 2832 832 2899 ΙΙ
858 2837 927 2887 ad
935 2839 1231 2903 passionem
1246 2838 1414 2902 ipsius
1430 2838 1558 2887 anni
1571 2836 1815 2887 XXXII.
1841 2833 1864 2900 ΙΙ
1890 2854 2025 2887 nien-

174 2939 250 2972 ses
278 2923 412 2972 .III.
452 2924 560 2973 dies
585 2963 596 2973 .
615 2923 716 2973 XI.

245 3005 384 3055 Haec
423 3006 736 3070 computatio
776 3005 1028 3057 mirabilis
1074 3006 1226 3056 hodie
1264 3005 1338 3055 ita
1383 3005 1622 3071 explicari
1668 3006 1815 3068 solet,
1852 3008 1912 3055 ut
1950 3021 2023 3056 se-

172 3091 394 3141 cundum
436 3106 544 3141 eam
590 3091 764 3142 Iesum
812 3091 1074 3142 Christum
1113 3106 1240 3142 anno
1281 3092 1312 3142 9
1353 3107 1497 3142 aerae
1535 3093 1739 3142 nostrae
1775 3089 1862 3157 (Q.
1911 3091 2023 3142 Sul-

170 3177 297 3241 pitio
339 3177 602 3228 Camerino
644 3180 695 3226 et
735 3176 790 3228 C.
814 3177 1052 3242 Poppaeo
1086 3175 1271 3228 Sabino
1313 3176 1636 3245 consulibus)
1674 3180 1852 3228 natum
1892 3192 2020 3238 esse,

171 3278 298 3313 anno
347 3264 413 3313 46
461 3261 686 3329 (Valerio
732 3263 959 3314 Asiatico
1008 3264 1073 3314 Π.
1102 3268 1151 3314 et
1196 3264 1264 3314 M.
1297 3264 1440 3314 Iunio
1489 3264 1660 3315 Silano
1702 3262 2023 3330 consulibus)

168 3348 501 3412 baptizatum,
549 3364 673 3400 anno
716 3349 782 3400 58
821 3347 1046 3416 (Nerone
1084 3350 1177 3409 III.
1205 3352 1256 3400 et
1293 3350 1364 3402 M.
1390 3349 1593 3400 Valerio
1641 3350 1865 3401 Messala
1904 3349 2020 3401 Cor-

168 3434 286 3484 uino
343 3433 666 3502 consulibus)
721 3449 930 3499 passum
985 3435 1269 3500 putandum
1333 3435 1416 3486 sit.
1479 3451 1609 3500 quae
1667 3435 2019 3500 interpretatio
