2470 3718
634 209 894 251 Recensio
928 209 1234 265 Hieronymi
1265 210 1369 251 XIII
1403 213 1446 252 et
1475 211 1599 253 XVII
1630 213 1756 254 3-4.
1999 216 2097 264 127

257 367 439 430 quibus
466 366 774 429 computatis
799 367 983 416 litteris
1010 367 1237 416 inuenies
1265 383 1529 417 numerum
1562 372 1619 418 ut
1651 385 1823 434 supra:
1849 371 1896 419 A
1923 386 2096 431 unuin,

254 451 315 500 N
345 452 393 500 ni
433 452 815 516 quinquaginta,
853 452 1150 515 Ttrecenti,
1186 453 1236 501 E
1264 453 1501 516 quinque,
1534 454 1602 502 ΕΙΙ
1635 471 1716 519 my
1750 456 2098 521 quadraginta,

262 538 302 586 Ο
347 538 685 603 septuaginta,
738 538 779 587 O
822 539 1004 587 simma
1051 538 1272 599 ducenti,
1323 540 1456 602 quod
1503 540 1658 589 simul
1706 542 1924 590 sexcenti
1965 557 2100 592 sexa-

255 624 394 689 ginta
435 639 520 673 sex
558 623 687 673 fiunt
726 623 1005 673 secundum
1047 623 1252 674 Grecos

204 726 224 757 5
323 710 452 759 Item
515 709 652 758 aliud
718 709 826 759 eius
889 725 1069 759 nomen
1131 710 1351 776 gothice,
1406 710 1458 759 id
1520 713 1598 759 est
1655 711 2098 773 GENSERIKOS,

253 795 387 859 quod
455 795 554 845 sibi
622 795 813 855 licebit,
877 798 935 845 ut
994 797 1207 846 seducat
1260 799 1453 861 gentes,
1519 797 1653 861 quod
1718 798 1892 847 eodem
1949 799 2098 848 modo

252 882 413 947 grecis
459 881 645 930 litteris
696 881 1039 945 computabis:
1086 882 1138 930 Γ
1177 898 1380 946 gamma
1418 885 1536 942 treS,
1578 882 1633 930 Ε
1668 882 1906 946 quinque,
1947 884 2002 932 N
2038 900 2100 947 ny

251 966 635 1031 quinquaginta,
668 966 711 1015 O
732 966 916 1015 simma
948 967 1166 1030 ducenti,
1194 967 1253 1015 H
1275 967 1347 1016 ita
1374 970 1504 1027 oct0,
1532 968 1582 1016 P
1608 983 1659 1016 ro
1695 973 1915 1028 centum,
1943 969 1973 1016 l
1998 969 2101 1018 iota

251 1052 442 1112 decem,
470 1051 520 1100 K
549 1052 714 1116 kappa
745 1052 949 1117 uiginti,
984 1052 1025 1101 Ο
1057 1054 1398 1119 septuaginta,
1438 1053 1479 1103 C
1509 1053 1693 1103 simma
1725 1054 1848 1103 item
1875 1054 2097 1113 ducenti,

178 1150 219 1182 10
252 1153 376 1201 quae
425 1141 481 1187 ut
529 1139 762 1200 superius
812 1138 1005 1187 dictum
1053 1141 1132 1187 est
1179 1139 1402 1188 sexcenti
1443 1139 1706 1204 sexaginta
1746 1154 1830 1188 sex
1871 1140 2100 1205 faciunt]

141 1236 176 1287 4
324 1237 420 1303 [Et
435 1237 547 1287 uidi
569 1237 723 1286 aliam
744 1238 949 1286 bestiam
976 1254 1140 1287 ascen·
1288 1239 1497 1288 Aliam
1522 1239 1795 1288 bestiam
1827 1240 2098 1290 subeun·
2134 1251 2198 1301 13,
2235 1251 2283 1291 11

249 1325 442 1374 dentem
482 1323 539 1372 de
578 1325 758 1385 terra]
1214 1327 1337 1374 tem
1380 1325 1449 1374 de
1489 1327 1664 1374 terra

249 1440 487 1490 maguum
537 1423 725 1473 falsum
771 1424 1071 1488 prophetam
1119 1424 1260 1486 dicit,
1311 1425 1395 1489 qui
1442 1426 1671 1475 facturus
1721 1428 1798 1476 est
1853 1425 1998 1491 signa
2053 1429 2102 1475 et

249 1511 483 1573 portenta
523 1511 573 1558 et
612 1509 874 1558 mendacia
914 1512 1026 1559 ante
1066 1511 1212 1560 illum
1254 1511 1317 1559 ‘in
1360 1512 1637 1574 conspectu
1677 1510 1977 1570 hominum',

251 1624 415 1663 certum
457 1621 797 1676 eomputationis
836 1635 1059 1663 numerum
1094 1622 1338 1677 discrepare
1371 1623 1558 1672 uidetur,
1593 1624 1713 1664 iuxta
1747 1624 1861 1676 quod
1895 1623 1968 1664 alii
2002 1623 2101 1665 doc-

251 1695 368 1733 tores
410 1692 461 1733 de
501 1705 679 1732 numero
717 1692 884 1733 bestiae
925 1696 1240 1734 tractauerunt.
1280 1694 1340 1734 sic
1381 1695 1492 1734 enim
1534 1694 1597 1734 ait
1636 1696 1811 1735 sanctus
1851 1694 2100 1736 Victorinus

255 1764 501 1817 episcopus:
543 1777 748 1804 numerus
790 1764 894 1815 eius,
935 1764 997 1805 ait
1036 1764 1214 1818 spiritus
1257 1768 1444 1814 sanctus,
1486 1778 1642 1806 nomen
1676 1765 1863 1806 nominis
1896 1766 2101 1816 (hominis

255 1835 347 1875 cod.
391 1838 466 1886 54)
510 1838 577 1877 est
617 1838 660 1876 et
701 1848 905 1876 numerus
944 1836 1130 1877 nominis
1173 1837 1263 1877 eius
1295 1836 1487 1886 DCXVL
1528 1836 1575 1877 id
1614 1839 1680 1877 est
1711 1837 2020 1895 Antichristus.
2057 1838 2099 1878 in

251 1910 418 1947 mutato
453 1907 567 1948 enim
600 1908 774 1948 nomine
807 1907 955 1948 ueniet
979 1911 1022 1948 et
1048 1907 1130 1949 duo
1154 1909 1236 1949 sibi
1262 1909 1436 1950 nomina
1462 1910 1675 1962 imponet:
1702 1909 1913 1949 Anteinus
1940 1908 2101 1960 Graece

254 1980 295 2018 et
328 1978 586 2020 Genserieus
621 1979 820 2031 Gothice,
853 1980 1022 2020 scilicet
1053 1982 1101 2020 ut
1132 1980 1293 2021 multas
1332 1984 1485 2034 gentes
1527 1981 1707 2022 seducat
1744 1981 1959 2034 (sequitur
1990 1994 2101 2022 com-

241 2051 422 2100 putatio
453 2050 645 2091 nominis
678 2051 887 2105 αντεμος).
911 2052 1015 2092 item
1042 2051 1161 2092 aliud.
1184 2065 1338 2093 nomen
1367 2066 1540 2106 grecum
1567 2052 1736 2100 Teitan,
1764 2066 1890 2105 quem
1915 2053 2102 2106 gentiles

252 2120 393 2162 Solem
426 2121 739 2176 Phoebumque
773 2123 1015 2176 appellant:
1049 2123 1170 2165 iuxta
1203 2124 1318 2176 quod
1352 2125 1468 2165 aliud
1502 2127 1646 2166 orator
1684 2125 1792 2176 (scil.
1834 2120 2102 2169 Victorinus)

252 2191 332 2232 ait:
352 2192 506 2235 Teitan
532 2194 646 2234 enim
666 2226 673 2234 .
695 2229 702 2236 .
724 2226 731 2233 .
753 2197 1028 2247 computatur
1053 2195 1114 2236 sic
1136 2196 1350 2247 (sequitur
1368 2195 1667 2249 computatio).
1687 2196 1789 2236 item
1810 2194 1927 2236 aliud
1945 2210 2100 2237 nomen

252 2261 419 2316 Getice,
446 2265 561 2318 quod
591 2264 766 2306 <licebat
791 2265 1064 2319 Gensericus,
1083 2269 1132 2307 ut
1157 2267 1344 2320 gentiles
1370 2266 1571 2308 seducat:
1599 2270 1800 2320 computa
1818 2280 1893 2320 pei·
1908 2267 2100 2308 litteram

250 2335 435 2388 prudens
470 2337 687 2389 (sequitur
720 2339 1024 2391 computatio).
1056 2351 1170 2379 nunc
1201 2339 1287 2379 iam
1319 2338 1372 2379 ad
1413 2339 1675 2393 superiorem
1717 2337 1910 2379 ordinem
1949 2338 2099 2380 redea-

250 2419 357 2448 mus.
391 2421 490 2448 nam
524 2407 623 2449 ideo
656 2408 744 2449 ista
777 2408 828 2449 de
862 2410 1028 2462 egregii
1056 2409 1268 2450 Victorini
1308 2410 1499 2463 episcopi
1533 2410 1603 2450 uel
1636 2409 1817 2450 aliorum
1851 2409 1965 2450 dicta
1998 2409 2098 2450 sub—

249 2478 475 2527 iunximus,
512 2480 613 2532 quia
647 2493 776 2532 supra
808 2480 1015 2534 scripturn
1050 2484 1299 2535 computum
1334 2481 1518 2522 collecta
1550 2495 1718 2521 summa
1743 2494 1790 2521 ex
1815 2481 1988 2521 nomine
2013 2481 2099 2522 Ne-

251 2549 369 2590 ronis
394 2549 447 2590 ad
470 2563 693 2591 numerum
719 2550 887 2592 bestiae
912 2565 998 2592 non
1026 2552 1324 2593 conueniebat.
1352 2553 1454 2593 huic
1476 2551 1788 2604 interpolatori
1812 2553 2100 2593 recensionem

251 2634 383 2674 quam
409 2621 594 2663 dicimus
613 2623 789 2662 tertiam
816 2622 1200 2664 Victorininotam
1217 2624 1355 2675 fuisse
1373 2628 1572 2676 apparet.
1638 2623 1691 2663 14
1716 2622 1766 2664 cf.
1792 2622 1925 2676 Apoc.
1954 2623 2019 2675 13,
2048 2625 2098 2665 13

309 2708 334 2747 3
368 2721 476 2761 quae
504 2722 531 2762 9
670 2710 697 2750 4
729 2708 838 2749 fiunt
869 2709 1104 2750 secundum
1138 2723 1287 2763 grecos
1322 2710 1368 2762 S,
1401 2709 1634 2751 secundum
1669 2723 1845 2763 graecos
1878 2709 2045 2750 faciunt
2073 2725 2100 2763 9

254 2777 278 2817 5
300 2777 346 2817 id
371 2781 436 2819 est
462 2777 848 2832 GENSERIKOS,
874 2780 990 2833 quod
1011 2780 1061 2821 rin
1085 2779 1237 2833 Spost
1260 2780 1414 2821 licebit
1444 2785 1601 2829 exstat,
1634 2781 1893 2833 transposui
1925 2780 2100 2822 librarii

251 2849 454 2889 mendum
486 2849 715 2903 corrz'9ens,
747 2851 822 2904 qui
852 2864 990 2903 supra
1021 2856 1059 2892 et
1088 2852 1215 2903 infra
1245 2864 1402 2892 nomen
1428 2849 1794 2893 GENSERIKOS
1824 2851 1994 2904 9raecis
2027 2852 2097 2892 Zit-

253 2919 355 2960 teris
384 2920 594 2972 scriptum
627 2922 761 2961 etiam
791 2935 843 2962 ea
872 2923 1152 2976 sin9utarum
1184 2923 1433 2963 litterarum
1464 2922 1651 2964 nomina
1682 2936 1777 2963 una
1815 2936 1909 2962 cum
1949 2936 2099 2963 earum

251 2990 445 3032 numeris
477 2991 527 3032 de
557 3004 637 3032 suo
671 2992 860 3044 addidit,
893 3006 1006 3046 quae
1041 2994 1258 3046 proximis
1289 2993 1457 3034 demum
1488 2993 1635 3034 uerbis
1664 2994 1816 3033 merito
1849 2996 2098 3044 comparent

254 3063 277 3103 6
310 3061 393 3102 sibi
423 3062 591 3117 licebit]
626 3076 700 3116 per
734 3077 778 3104 sc
803 3064 990 3118 liquebit
1010 3078 1037 3118 9
1126 3068 1226 3107 ut..
1247 3069 1398 3117 gentes
1425 3077 1506 3105 om.
1529 3078 1556 3117 9
1616 3065 1641 3105 8
1666 3065 1729 3105 ita
1752 3063 1864 3104 idem
1889 3063 2006 3115 quod
2029 3066 2099 3104 eta

257 3132 307 3173 10
341 3146 467 3187 supra
495 3148 522 3187 9
615 3136 661 3174 11
697 3148 751 3176 ea
782 3149 895 3188 quae
925 3137 1054 3177 uncis
1086 3137 1317 3190 an9ulatis
1347 3136 1444 3190 ([])
1475 3136 1653 3177 inclusa
1682 3141 1785 3177 sunt
1818 3135 1923 3176 add.
1952 3147 2094 3175 recen-

252 3203 395 3245 siones
412 3203 451 3242 ‘l‘
470 3205 524 3258 -l—
543 3204 578 3246 S
595 3225 647 3240 =
665 3206 726 3257 X;
751 3207 923 3247 eaedem
939 3208 1209 3248 recensiones
1233 3208 1364 3248 etiam
1390 3212 1520 3258 atque
1543 3207 1675 3247 etiam
1693 3219 1773 3247 om.
1790 3206 2097 3258 subsequentia

251 3274 390 3315 uerba
421 3274 580 3317 litteris
614 3275 805 3318 diductis
837 3290 1012 3327 excusa,
1044 3291 1156 3329 quae
1186 3278 1377 3318 recensio
1408 3274 1443 3315 Υ
1467 3277 1652 3329 praebet
1750 3277 1800 3317 13
1835 3289 1993 3329 magna
2030 3274 2096 3327 Ce,

254 3359 427 3399 magum
461 3345 493 3387 S
595 3346 840 3401 falsumque
873 3349 908 3388 X
1002 3350 1053 3390 14
1086 3351 1127 3389 et
1162 3362 1243 3390 om.
1280 3347 1412 3389 CBH
1527 3351 1626 3388 ante
1658 3348 1777 3388 illum
1812 3361 1892 3389 om.
1925 3347 1978 3386 H
