2470 3718
341 196 561 248 XXXIV
972 210 1449 267 Prolegomena
1479 212 1549 254 111
1579 212 1635 254 A.

339 389 438 424 non
478 388 633 439 posse
666 388 764 424 non
799 372 851 423 in
887 372 1046 424 dubio
1079 389 1360 425 remanere.
1405 391 1537 439 quae
1580 391 1698 426 cum
1732 376 1805 427 ita
1839 377 1958 440 sint,
2003 378 2119 444 quis
2151 395 2250 431 non

338 460 470 512 uelit
510 461 620 511 suis
662 461 830 512 oculis
872 461 1106 512 codicem
1144 461 1438 527 inspicere?
1501 466 1658 528 atque
1699 463 2003 516 felicissime
2045 466 2253 529 accidit,

339 552 399 600 ut
431 565 510 600 ars
546 549 750 601 codices
782 549 919 600 lucis
954 565 1050 615 ope
1092 549 1405 617 depingendi
1437 551 1487 600 in
1523 551 1633 602 dies
1675 555 1955 619 augeretur
1985 556 2037 605 et
2067 554 2252 606 biblio-

338 638 520 688 thecae
554 637 835 689 Vaticanae
875 637 1123 690 custodes
1164 654 1370 690 summa
1409 654 1526 690 cum
1568 640 1884 691 liberalitate
1925 642 2056 693 hanc
2089 645 2253 694 artem

337 726 579 793 usurpari
609 729 925 792 paterentur,
964 727 1101 778 inter
1133 742 1264 792 quos
1298 727 1492 795 gratias
1529 743 1624 796 ago
1661 745 1815 795 quam
1849 731 2105 781 maximas
2137 731 2251 782 uiro

339 829 544 866 summe
585 815 880 867 uenerando
935 814 993 867 F.
1035 815 1262 866 Ehrle.
1321 816 1433 867 eius
1490 831 1744 868 concessu
1791 817 1990 869 factum
2040 821 2136 883 est,
2192 823 2253 871 ut

337 906 448 954 tota
478 919 598 969 pars
634 903 845 966 codiciS,
890 919 1021 969 quae
1062 903 1320 954 Victorini
1354 905 1784 957 commentarium
1826 906 2074 969 continet,
2113 908 2249 959 lucis

338 1007 433 1057 ope
474 991 846 1059 depingeretur
886 992 1047 1057 quid?
1111 991 1250 1057 quod
1292 992 1449 1044 liuius
1491 993 1738 1045 editionis
1778 994 2009 1046 fautores
2052 1012 2139 1047 sex
2175 998 2251 1047 ta-

335 1079 489 1131 bulas
530 1080 970 1147 photographicas
1012 1080 1134 1131 huic
1176 1080 1437 1132 uolumini
1477 1081 1739 1133 addendas
1775 1086 2104 1147 curauerunt,
2143 1085 2252 1150 qui-

334 1169 435 1219 bus
476 1168 665 1219 ultima
714 1169 1074 1219 commentarii
1128 1184 1263 1234 pars,
1322 1170 1472 1220 cuius
1528 1186 1664 1221 unus
1720 1171 1872 1222 testis
1922 1174 2090 1223 exstat
2139 1173 2248 1245 cod.

338 1255 740 1322 OttobonianUS,
780 1257 899 1307 inde
935 1273 964 1307 a
994 1274 1041 1322 p.
1071 1258 1190 1320 136,
1230 1259 1261 1307 2
1301 1274 1470 1324 usque
1504 1258 1569 1309 ad
1600 1258 1756 1310 finem
1789 1260 1908 1310 libri
1943 1261 2248 1314 continetur.

407 1346 518 1396 Iam
559 1361 616 1396 ex
653 1346 824 1410 prima
861 1345 1041 1396 tabula
1082 1346 1485 1413 orthographiae
1527 1347 1722 1398 codicis
1764 1349 2068 1414 proprietaS,
2108 1350 2250 1402 litte-

332 1449 507 1484 rarum
548 1432 827 1500 singularis
875 1434 1057 1496 forma,
1102 1450 1230 1485 usus
1264 1436 1558 1486 litterarum
1609 1436 1890 1487 uncialium
1935 1438 2003 1503 (e.
2030 1454 2078 1505 g.
2102 1438 2188 1489 lin.
2215 1441 2246 1488 5

338 1526 509 1577 Celere
555 1530 744 1591 (tutem,
792 1523 882 1573 lin.
912 1524 979 1573 10
1024 1526 1281 1594 Prophele
1328 1529 1497 1578 simia·
1541 1529 1691 1579 modo
1737 1546 1809 1569 r:
1856 1542 1903 1590 p,
1933 1526 2055 1589 138,
2099 1529 2147 1578 2.
2191 1528 2249 1596 6)

334 1612 576 1677 cognosci
611 1613 800 1677 potest.
839 1611 985 1661 tituli
1020 1614 1191 1663 autem
1226 1612 1277 1662 in
1313 1614 1545 1680 margine
1579 1614 1829 1679 adscripti
1862 1612 1946 1683 (de
1977 1636 2102 1687 equo
2133 1620 2247 1671 albo

333 1707 378 1753 el
402 1707 507 1763 cel„
542 1704 603 1754 cle
625 1704 910 1754 reclusione
942 1704 1138 1755 diaboli
1162 1704 1292 1756 dicit
1313 1706 1373 1756 in
1398 1710 1664 1757 tartarum
1688 1711 1735 1757 et
1759 1708 1968 1776 anqelos
1991 1710 2103 1760 eius
2127 1703 2246 1773 eto.)

331 1787 466 1837 unde
508 1787 760 1854 originem
795 1788 1049 1851 duxerint,
1095 1790 1352 1841 incertum
1395 1795 1491 1855 est,
1539 1807 1856 1857 quamquam
1906 1793 2003 1844 hoc
2043 1796 2249 1844 constat

331 1876 551 1940 primam
583 1893 795 1927 manum
839 1893 925 1928 eos
968 1878 1261 1942 scripsisse,
1302 1894 1400 1928 non
1437 1880 1652 1930 alteram
1689 1881 2010 1933 correctoris.
2051 1881 2143 1933 sed
2183 1882 2244 1933 de

331 1964 488 2015 liuius
531 1965 750 2016 consilio
792 1965 1006 2017 uberius
1048 1969 1128 2017 est
1167 1967 1517 2018 tractandum.

404 2054 669 2118 Imprimis
697 2070 755 2104 ex
787 2054 935 2105 initio
970 2056 1331 2106 commentarii
1365 2061 1577 2121 apparet
1611 2062 1955 2109 correctorem
1986 2060 2246 2125 exemplar

329 2142 644 2194 recensionis
695 2143 996 2209 Hieronymi
1039 2159 1159 2195 cuni
1199 2147 1347 2195 textu
1403 2145 1656 2197 Victorini
1704 2148 2090 2212 comparauisse
2138 2165 2243 2200 om-

330 2231 518 2296 niaque
546 2247 676 2296 quae
703 2231 775 2281 ibi
799 2231 1003 2281 inuenit
1030 2232 1386 2283 additamenta
1412 2234 1508 2284 sub
1538 2235 1686 2301 signo
1720 2236 1755 2300 ’ἱ-
1790 2238 1841 2285 et
1881 2236 2057 2287 addito
2093 2253 2243 2302 saepe

330 2319 589 2370 uocabulo
625 2324 782 2374 aliter
813 2320 862 2369 in
900 2321 1132 2387 margine
1173 2322 1461 2373 notauisse.
1504 2324 1741 2390 singulas
1783 2327 1957 2374 autern
1991 2325 2242 2377 lectiones

332 2408 375 2457 si
406 2408 672 2472 inspiciaS,
703 2410 962 2473 exemplar
995 2409 1325 2459 simillimum
1354 2411 1520 2462 fuisse
1549 2411 1786 2462 codicum
1821 2416 1911 2467 CB
1938 2428 2241 2481 cognoscaS,

330 2496 392 2546 de
426 2497 617 2561 quibus
650 2501 834 2561 postea
868 2497 1272 2562 disputabimus,
1306 2504 1512 2564 praesto
1551 2504 1672 2551 sunt
1705 2501 1874 2551 multa
1910 2501 2166 2567 exempla:

406 2626 447 2666 p.
475 2612 546 2665 20,
579 2614 624 2654 5:
667 2612 711 2653 in
744 2626 904 2667 marg:
945 2617 971 2667 †
1010 2613 1075 2655 Ec
1112 2615 1164 2655 in
1205 2615 1386 2668 capillis
1426 2615 1544 2657 albis
1585 2616 1846 2658 albatorum
1886 2623 1950 2660 est
1987 2619 2240 2660 similitudo

331 2688 413 2726 etc.
448 2705 503 2720 z
537 2685 609 2729 CB
645 2689 705 2740 (p.
732 2687 803 2739 21,
837 2689 862 2728 8
895 2691 1010 2739 not.)

402 2773 445 2814 p.
471 2759 540 2813 22,
579 2760 652 2802 15ι
685 2763 714 2812 †
748 2761 883 2802 aliter
914 2761 964 2802 in
996 2774 1132 2815 κνερννιο
1167 2762 1240 2804 clei
1271 2783 1324 2797 z
1360 2761 1434 2805 CB
1468 2765 1527 2818 (p.
1554 2763 1624 2815 23,
1659 2764 1714 2806 20
1748 2766 1863 2819 not.)

403 2847 444 2887 p.
473 2834 542 2887 26,
572 2834 645 2876 14:
679 2837 704 2887 †
739 2834 873 2876 aliter
900 2835 964 2876 ad
993 2848 1252 2877 mensuram
1271 2836 1354 2878 dat
1371 2837 1480 2878 deus
1495 2838 1720 2890 spiritum.
1740 2838 1793 2890 j⁰
1813 2839 1870 2879 30
1888 2841 1961 2893 (Ξ
1980 2838 2074 2882 Ioh.
2093 2839 2134 2889 3,
2160 2839 2237 2892 343

329 2907 566 2948 collatores
602 2907 767 2949 codicis
799 2909 1026 2962 legerant:
1061 2909 1164 2951 [eso
1195 2909 1400 2965 Christo,
1433 2911 1591 2952 tabula
1617 2915 1766 2952 autem
1798 2911 1911 2953 lucis
1940 2926 2021 2967 ope
2055 2912 2234 2968 depicta

329 2993 480 3022 uerum
517 2994 695 3022 sensum
728 2982 1051 3031 inanifestauit‚
1092 2982 1140 3023 id
1174 2982 1293 3038 quod
1326 2984 1368 3024 in
1406 2998 1504 3039 app.
1534 2985 1630 3026 crit.
1660 2985 1854 3039 corrigas
1888 2985 2041 3041 uelim)
2076 3006 2131 3021 z
2166 2986 2237 3028 CB

329 3056 386 3107 (p.
415 3054 483 3105 27,
523 3054 573 3095 15
609 3058 718 3106 not.)

401 3141 443 3182 p.
470 3128 539 3177 28,
573 3129 624 3170 7:
655 3131 680 3182 †
713 3129 847 3170 aliter
869 3132 1021 3182 premo
1055 3130 1176 3182 quod
1213 3136 1265 3172 ut
1303 3135 1506 3172 seruaret
1545 3131 1640 3185 ipse
1673 3152 1726 3166 Ξ
1762 3131 1833 3174 CB
1870 3132 1930 3186 (p.
1958 3133 2028 3186 29,
2061 3133 2086 3174 6
2126 3135 2238 3187 not.)

401 3215 443 3256 p.
470 3201 540 3254 30,
575 3202 621 3243 3;
662 3204 688 3254 †
728 3203 862 3244 ahter
894 3209 935 3245 ct
967 3217 1066 3245 cum
1107 3205 1169 3245 eis
1200 3209 1309 3245 sunt
1339 3205 1520 3246 aelatae
1552 3207 1671 3259 (prot
1713 3210 1752 3247 el
1785 3205 1953 3248 tunicis
1984 3207 2080 3249 suis
2110 3207 2237 3249 uela-

329 3276 418 3328 tac)
451 3295 505 3310 z
540 3274 613 3318 CB
647 3276 708 3329 (p.
735 3276 804 3330 31,
840 3277 865 3317 2
899 3279 1010 3330 not.)

401 3363 442 3404 p.
469 3349 539 3398 32,
578 3350 618 3390 1:
661 3352 686 3402 †
720 3349 854 3391 aliter
887 3349 1218 3404 dispensatores
1250 3356 1289 3393 et
1315 3357 1519 3406 posteros
1549 3353 1669 3407 (prot
1706 3353 2002 3407 dissipatores
2035 3360 2074 3396 et
2097 3355 2235 3409 pesli-

317 3421 462 3475 feros)
495 3441 550 3457 Ξ
586 3421 657 3464 CB
693 3428 749 3477 (p.
778 3422 846 3476 33,
883 3424 904 3465 1
939 3426 1048 3476 Ποῖ.)

402 3509 442 3549 p.
471 3494 540 3546 36,
575 3496 621 3538 7:
656 3499 681 3549 †
715 3497 850 3538 aliter
880 3511 1057 3540 seueros
1089 3498 1210 3554 (pi·o:
1244 3513 1333 3542 esse
1363 3499 1505 3553 uiros)
1539 3520 1593 3535 r:
1629 3499 1701 3542 CB
1735 3502 1795 3555 (p.
1821 3501 1890 3555 37,
1925 3501 1950 3543 3
1984 3502 2093 3553 not.)
