2470 3718
755 219 1010 260 Recensio
1044 218 1353 272 Hieronymi
1387 218 1446 258 XI
1479 219 1600 258 1—2.
2030 220 2093 268 97

252 374 552 425 Valentinus
608 377 658 424 et
712 373 981 425 Cerinthus
1038 376 1089 423 et
1139 373 1301 423 Ebion
1358 375 1407 422 et
1461 373 1613 422 ceteri
1669 373 1834 422 scolae
1891 377 2094 423 satanae

249 459 422 510 diffusi
480 476 568 525 per
620 460 808 519 orbem,
863 461 1208 509 conuenerunt
1268 458 1329 507 ad
1387 458 1535 507 illum
1591 458 1649 507 de
1702 457 1931 508 finitimis
1986 474 2094 523 pro-

250 545 404 595 uincii
444 562 644 596 somnes
693 545 918 609 episcopi
965 547 1015 594 et
1061 544 1429 609 compulerunt,
1470 546 1529 592 ut
1580 544 1688 607 ipse
1743 544 2093 594 testimonium

249 631 603 681 conscriberet.
643 632 914 681 ‘mensura'
945 633 1116 679 autem
1140 629 1231 678 filii
1261 628 1340 678 dei
1364 630 1661 679 mandatum
1694 629 1883 679 domini
1918 630 2091 689 nostri,

193 732 216 764 ὃ
247 718 443 781 patrem
482 717 708 767 confiteri
749 716 1172 781 omnipotentem;
1215 714 1430 764 dicimus
1473 718 1523 765 et
1560 714 1712 764 huius
1752 715 1914 763 filium
1956 716 2095 767 Chri-

247 804 387 852 stum
427 805 539 852 ante
588 802 832 868 originem
881 801 1072 851 saeculi
1112 800 1394 864 spiritalem
1435 800 1568 864 apud
1608 803 1802 863 patrem
1844 801 2092 865 genitum,

247 887 504 936 hominem
549 888 744 937 factum
792 890 842 936 et
888 890 1048 935 morte
1098 886 1300 935 deuicta
1346 886 1396 933 in
1446 885 1597 935 caelis
1648 900 1761 934 cum
1812 900 2018 949 corpore
2070 901 2095 934 a

246 975 387 1036 patre
434 976 694 1037 receptum
735 973 975 1022 effudisse
1024 971 1261 1035 spiritum
1303 973 1551 1032 sanctum,
1592 971 1777 1020 donum
1820 974 1869 1020 et
1908 971 2092 1036 pignus

244 1057 644 1119 inmortalitatis,
673 1059 805 1108 hunc
829 1074 916 1123 per
940 1058 1213 1122 prophetas
1248 1056 1613 1121 praedicatum,
1640 1057 1774 1106 hunc
1808 1073 1896 1122 per
1926 1058 2091 1122 legem

173 1158 216 1191 10
249 1145 611 1208 conscriptum,
651 1145 784 1193 hunc
833 1159 943 1193 esse
983 1159 1189 1192 manum
1231 1143 1311 1192 dei
1352 1146 1401 1191 et
1440 1142 1653 1191 uerbum
1693 1142 1849 1206 patris
1892 1144 1941 1191 et
1981 1157 2094 1191 con-

248 1229 461 1279 ditorem
504 1231 656 1280 orbis.
696 1230 818 1279 haec
853 1233 929 1279 est
963 1229 1152 1278 arundo
1189 1232 1238 1277 et
1269 1244 1509 1277 mensura
1540 1228 1672 1287 fidei,
1707 1231 1757 1278 et
1787 1244 1931 1277 nemo
1977 1229 2094 1277 ado-

247 1318 323 1365 rat
362 1331 498 1364 aram
539 1319 781 1376 sanctam,
823 1316 920 1364 nisi
962 1315 1047 1379 qui
1087 1315 1211 1364 hanc
1252 1314 1402 1363 fidem
1444 1313 1726 1364 confitetur.

132 1399 167 1448 2
316 1400 416 1463 [Et
483 1401 675 1450 atrium
728 1400 860 1462 quod
921 1404 990 1450 esi
1052 1401 1355 1449 intrinsecus
1415 1399 1587 1463 templi
1648 1398 1852 1448 exclude
1912 1398 2178 1460 fora3.]ll‚
2213 1402 2236 1440 ‘2

245 1487 471 1536 Aulam
542 1490 754 1536 autem
818 1487 1204 1536 interiorem
1275 1486 1410 1535 eice
1472 1486 1664 1535 foras.
1728 1486 1842 1534 aula
1905 1485 2088 1534 atrium

170 1588 211 1619 15
244 1572 445 1632 dicitur,
496 1588 658 1622 uacua
703 1573 833 1622 inter
879 1573 1098 1637 parietes
1148 1587 1273 1621 area.
1322 1572 1413 1621 hos
1454 1572 1583 1621 tales
1632 1587 1728 1620 non
1776 1571 2089 1620 necessarios

243 1657 338 1707 eici
384 1658 537 1708 iussit
577 1659 635 1707 de
677 1659 905 1708 ecclesia.
963 1659 1112 1722 quia
1159 1658 1307 1707 data
1355 1660 1472 1717 est,
1529 1657 1711 1720 inquit,
1769 1656 2014 1706 calcari
2065 1660 2176 1705 all,
2212 1659 2235 1697 ἱ)

241 1743 570 1808 gentibuS,
633 1744 685 1792 id
739 1747 817 1794 est
871 1745 1022 1794 huius
1081 1743 1255 1792 mundi
1302 1743 1610 1802 hominibus,
1675 1743 1747 1791 ita
1795 1746 1852 1791 ut
1901 1758 1927 1790 a
1975 1757 2091 1806 gen-

239 1829 377 1878 tibus
451 1831 791 1880 conculcetur.
863 1830 1042 1879 deinde
1118 1829 1305 1892 repetit
1377 1830 1436 1878 de
1506 1828 1776 1879 nouissimi
1847 1827 2088 1891 temporis

386 1956 411 1995 4
444 1955 497 1996 cf.
531 1957 661 2009 Apoc.
697 1957 763 2004 11,
793 1956 812 1996 1
875 1957 899 1996 5
925 1956 1030 1996 haee
1052 1956 1243 1997 recensio
1269 1955 1456 2009 symboli
1481 1955 1683 1995 Patricio
1713 1959 1822 1995 nota
1854 1958 1961 2005 erat,
1995 1967 2086 1994 cum

237 2028 551 2080 confessionem
590 2041 717 2068 suam
754 2028 970 2079 scriberet,
1011 2028 1066 2080 cf.
1106 2028 1148 2068 Ι.
1188 2026 1481 2075 Haussleiter,
1521 2027 1614 2067 Der
1652 2026 1844 2080 Aufbau
1884 2025 1958 2066 der
2005 2026 2089 2065 alt-

237 2099 518 2140 christlichen
542 2099 784 2153 Literatur,
810 2100 969 2140 Berlin
992 2101 1128 2148 1898,
1145 2113 1193 2152 p.
1222 2102 1284 2139 36
1305 2112 1366 2151 sq.
1392 2099 1463 2152 (z
1491 2098 1687 2151 Gottiny.
1709 2098 1789 2151 θεῖ.
1815 2097 1927 2138 Am.
1951 2099 2087 2143 1898,

234 2183 280 2222 p.
315 2173 413 2212 370
443 2173 525 2224 sq.)
616 2172 668 2213 10
702 2173 754 2213 cf.
787 2172 901 2212 Esai.
935 2172 1002 2223 66,
1036 2172 1060 2212 2
1181 2171 1232 2214 cf.
1266 2171 1359 2211 Ioh.
1397 2170 1432 2223 1,
1470 2172 1488 2211 1

300 2271 318 2310 1
355 2272 575 2312 corinthus
609 2272 735 2313 ebion
768 2272 824 2324 D,
857 2272 1106 2313 cherinthus
1141 2271 1268 2312 euion
1306 2271 1391 2312 TF
1563 2272 1586 2311 3
1620 2270 1811 2323 episcopi
1844 2282 1924 2310 om.
1958 2269 2088 2309 DUB

288 2347 393 2395 post
424 2343 615 2396 episcopi
648 2343 750 2384 add.
784 2344 924 2383 sancti
955 2343 1001 2383 F
1080 2347 1184 2395 post
1216 2343 1516 2396 compulerunt
1550 2341 1652 2382 add.
1688 2354 1783 2381 eum
1816 2340 1852 2380 S
1939 2341 2022 2393 ipsi
2046 2339 2092 2378 F

236 2415 264 2453 4
304 2415 626 2455 conscriberent
662 2415 710 2456 F
880 2428 1122 2455 mensuram
1156 2428 1183 2467 9
1358 2414 1435 2455 filii
1477 2413 1545 2454 dei
1583 2411 1805 2454 TFHMS
1841 2416 1881 2453 et
1919 2412 2088 2453 Beatus

230 2499 278 2537 p.
314 2488 421 2538 390,
454 2485 556 2526 fidei
587 2485 670 2526 IK
783 2488 922 2527 nostri
954 2499 1035 2526 om.
1068 2500 1088 2526 e
1177 2488 1200 2526 5
1235 2486 1431 2526 confiteri
1462 2487 1627 2539 patrem
1661 2484 1709 2524 F
1814 2487 1919 2537 post
1952 2483 2087 2523 omni-

238 2559 460 2610 potentem
489 2557 590 2598 add.
618 2570 711 2598 esse
733 2571 760 2611 9
820 2558 843 2598 6
870 2558 1141 2611 spiritualem
1171 2556 1394 2608 CBHIK,
1420 2569 1501 2597 om.
1529 2556 1564 2597 S
1622 2557 1643 2595 7
1669 2559 1767 2609 post
1792 2556 1954 2595 facturn
1981 2554 2087 2596 add.

235 2629 279 2668 in
305 2629 449 2669 anima
481 2642 583 2669 uera
615 2631 659 2669 et
691 2642 815 2670 carne
847 2632 1030 2683 utraque
1064 2629 1337 2670 sanctissima
1359 2628 1548 2668 (miseria
1569 2630 1613 2681 9)
1639 2626 1675 2667 S
1763 2627 1903 2668 caelos
1930 2639 1976 2679 ey
2065 2639 2088 2665 a

236 2700 377 2754 patre]
411 2699 464 2740 ad
495 2703 663 2755 patrem
693 2700 806 2754 FM,
837 2702 938 2742 item
968 2701 1198 2742 Patricius
1364 2700 1389 2740 9
1422 2698 1734 2753 praedicatum]
1768 2697 2009 2738 iudicatum
2042 2696 2093 2736 K

238 2771 290 2812 10
323 2771 514 2824 manum]
548 2771 800 2813 mandatum
832 2772 875 2812 B
1042 2776 1147 2826 post
1177 2772 1313 2825 patris
1346 2770 1450 2812 add.
1484 2784 1532 2811 ex
1565 2769 1644 2810 deo
1678 2783 1752 2823 per
1785 2769 1928 2809 omnia
1961 2767 2085 2809 deum

233 2841 474 2893 (dominum
502 2845 547 2895 9)
582 2841 619 2884 S
707 2844 755 2883 11
790 2843 897 2884 fides
929 2843 975 2884 F
1060 2843 1212 2884 adoret
1251 2843 1289 2882 T
1377 2843 1428 2882 12
1461 2841 1586 2894 hane]
1622 2843 1721 2881 ante
1754 2840 1802 2880 F
1890 2840 1939 2880 13
1973 2839 2084 2881 Et..

236 2912 350 2953 foras
385 2913 486 2955 add.
521 2914 557 2953 X
646 2913 706 2954 Et
737 2927 816 2955 om.
851 2913 886 2955 S
981 2914 1246 2955 extrinsecus
1278 2914 1330 2954 K
1421 2913 1575 2966 templi
1607 2925 1688 2954 om.
1720 2910 1800 2951 IK
1888 2909 2082 2962 exclude]

235 2984 326 3024 eice
357 2984 436 3026 IK
580 2985 928 3028 Aulam..foras
961 2999 1041 3028 om.
1075 2985 1112 3025 X
1234 2986 1287 3025 14
1321 2985 1573 3026 exteriorem
1614 2982 1691 3023 CB
1831 2982 1966 3022 atrius
2004 2979 2089 3019 TF

239 3054 290 3095 15
324 3055 436 3108 area]
472 3068 544 3096 ara
574 3055 771 3109 FHMS,
805 3057 934 3098 archa
965 3056 1016 3096 K
1163 3057 1212 3097 16
1246 3057 1343 3110 eici]
1380 3055 1547 3096 excludi
1580 3054 1632 3094 H
1767 3052 1841 3093 sed
1876 3052 1994 3092 cuius
2028 3052 2085 3091 sit

235 3133 341 3178 (pro
366 3126 530 3167 secludi
562 3127 707 3178 iussit)
733 3127 781 3167 F
866 3128 935 3181 de]
969 3129 1020 3169 ab
1049 3129 1080 3168 I
1166 3128 1268 3181 quia
1299 3141 1378 3168 om.
1414 3127 1448 3168 S
1508 3127 1558 3167 17
1593 3126 1674 3166 hoc
1707 3127 1772 3165 est
1802 3139 1827 3177 9
1916 3121 2080 3176 mundi]

234 3197 352 3238 modi
385 3211 405 3238 e
520 3198 713 3239 homines
745 3199 811 3251 M,
844 3199 981 3240 malos
1012 3199 1210 3240 homines
1234 3200 1406 3240 Beatus
1429 3212 1477 3251 p.
1507 3200 1594 3239 391
1715 3196 1777 3236 ita
1803 3197 1850 3235 ut
1884 3209 1907 3235 a
1938 3195 2081 3248 genti-

236 3270 314 3310 bus
356 3270 629 3310 conculcetur
659 3269 804 3323 DOB,
842 3274 892 3312 ut
930 3273 1005 3312 aut
1037 3285 1060 3312 a
1093 3270 1298 3324 gentibus
1340 3271 1614 3311 concalcatur
1651 3267 1698 3321 T,
1739 3270 1789 3308 ut
1821 3281 1844 3307 a
1876 3265 2081 3319 gentibus

234 3343 311 3381 aut
340 3341 430 3393 (uel
457 3342 500 3394 9)
534 3354 628 3382 cum
661 3341 864 3394 gentibus
897 3342 1205 3383 conculcentur
1236 3340 1280 3394 S,
1314 3355 1394 3383 om.
1428 3339 1467 3377 Φ
1560 3339 1610 3380 18
1643 3339 1881 3379 nouissima
1912 3335 1991 3376 IK

278 3440 469 3470 xxxxnc
508 3439 730 3473 Victorinus
756 3441 834 3471 Pet.
1998 3421 2020 3461 7
