2470 3718
89 991 116 1040 1

315 120 382 171 44
840 116 1031 158 Editio
1067 117 1344 158 victorini
1376 116 1445 158 111
1479 117 1628 160 3-1v
1666 118 1702 160 1.

149 293 190 344 3,
227 291 280 333 18
315 280 459 345 pati’.
503 278 776 340 collirio,
817 278 1007 344 inquit,
1049 278 1276 344 inunge
1319 279 1533 330 oculos
1575 282 1734 342 tuos,
1768 279 1820 330 id
1857 285 1937 332 est
1969 283 2045 332 ‘ut
2077 284 2215 349 quod

309 357 533 418 libenter
574 366 850 434 cognoscis
890 383 982 431 per
1024 367 1326 433 scripturas
1371 367 1491 417 huic
1528 370 1579 417 et
1620 383 1750 434 opus
1791 369 1960 421 facere
2004 369 2110 440 [foi.
2147 370 2213 441 δ’]

313 454 549 506 coneris‘.
594 457 645 505 et
685 455 931 519 quoniam
975 455 1017 504 si
1061 454 1363 505 huiusmodi
1403 454 1641 506 homines
1685 455 1745 506 de
1786 473 1972 525 magno
2017 458 2213 510 excidio

312 542 375 593 ad
420 559 663 610 magnam
702 543 918 593 redeant
958 543 1351 609 paenitentiam,
1386 559 1486 594 non
1525 543 1696 594 solum
1739 545 1837 595 sibi
1879 546 2038 597 utiles
2082 563 2214 610 esse,

313 631 403 682 sed
458 631 642 682 multis
696 631 946 696 prodesse
997 634 1235 697 possunt,
1294 646 1392 681 non
1444 631 1754 682 mediocrem
1806 634 2097 685 mercedem
2140 636 2213 686 eis

150 732 190 785 3,
225 731 277 773 21
313 719 574 785 promisit,
616 718 669 769 id
711 722 815 770 est:
858 719 1071 769 sedere
1116 736 1301 785 super
1343 719 1574 772 solium
1617 720 1859 771 iudicii.

174 1004 273 1057 4,1

171 1797 212 1850 4,

249 1797 269 1838 1

1150 890 1275 933 CAP.
1310 890 1384 932 IV.

386 994 626 1046 Ostium
654 997 956 1059 apertum,
978 994 1164 1060 inquit,
1188 995 1242 1044 in
1273 996 1468 1045 caelo:
1490 995 1612 1045 noui
1631 997 1934 1046 testamenti
1954 997 2216 1062 praedica-

308 1082 503 1133 tionem
538 1082 684 1133 uidet
715 1083 974 1133 Iohannes
1015 1080 1288 1150 [baptista]
1336 1085 1386 1132 et
1428 1082 1620 1133 dicitur
1661 1084 1730 1134 ei:
1777 1085 2041 1135 ascende
2083 1086 2213 1139 huo.

310 1171 512 1236 quando
564 1173 798 1235 apertum
851 1171 1161 1232 ostenditur,
1221 1172 1460 1221 clausum
1516 1171 1679 1222 fuisse
1737 1175 1854 1222 ante
1912 1173 2213 1225 hominibus

307 1259 643 1310 manifestum
688 1262 783 1310 est.
828 1259 957 1310 satis
1001 1263 1173 1310 autem
1217 1261 1269 1310 et
1308 1261 1458 1325 plene
1501 1260 1820 1326 patefactum
1865 1265 1960 1323 est,
2013 1262 2215 1327 quando

310 1347 550 1399 Christus
579 1363 697 1398 cum
724 1363 935 1413 corpore
962 1348 1011 1398 in
1041 1348 1198 1398 caelis
1228 1347 1291 1397 ad
1318 1350 1516 1413 patrem
1547 1348 1798 1399 ascendit.
1829 1365 2011 1400 uocem.
2040 1353 2216 1400 autem

309 1451 464 1500 quam
500 1435 751 1498 audierat,
789 1451 908 1485 cum
944 1436 1084 1486 dicat
1115 1436 1257 1486 illam
1297 1451 1474 1486 secum
1509 1437 1742 1486 locutam
1780 1453 1916 1488 esse:
1955 1438 2063 1487 sine
2100 1453 2216 1488 con-

307 1523 618 1574 tradictione
661 1526 950 1589 arguuntur
993 1526 1345 1585 contumaceS,
1380 1524 1555 1589 ipsum
1591 1539 1704 1574 esse
1743 1523 1830 1589 qui
1864 1524 2009 1574 uenit
2040 1526 2217 1590 ipsum

308 1627 460 1676 quem
487 1611 628 1677 <per>
653 1612 933 1677 prophetas
968 1613 1223 1663 locutum.
1259 1611 1515 1662 Iohannes
1553 1613 1688 1662 enim
1727 1628 1784 1662 ex
1820 1613 2215 1664 circumcisione

307 1702 415 1749 erat
463 1703 514 1749 et
563 1699 730 1750 omnis
778 1700 869 1750 ille
918 1701 1144 1765 populus
1188 1700 1384 1751 ueteris
1427 1701 1731 1751 testamenti
1773 1701 2214 1767 praedicationem

306 1785 558 1848 audierat,
587 1787 679 1836 illa
706 1802 834 1837 uoce
863 1786 1170 1837 aedificatus
1201 1790 1325 1837 erat.
1361 1787 1475 1837 illa
1503 1788 1637 1838 enim
1667 1803 1793 1850 uOX,
1822 1788 2008 1854 inquit,
2037 1805 2214 1854 quam

458 1943 509 1984 12
545 1941 600 1984 cf.
634 1943 773 1996 Apoc.
806 1943 847 1997 4,
884 1943 904 1984 1
1003 1943 1056 1984 13
1092 1942 1145 1983 cf.
1184 1941 1292 1984 ibid.
1329 1943 1366 1996 1,
1405 1944 1457 1985 10

367 2047 384 2087 1
421 2045 466 2086 id
501 2045 585 2100 est]
615 2039 646 2089 R
682 2047 784 2098 (qao
817 2046 928 2100 stylo
962 2045 1008 2087 id
1044 2049 1125 2095 est,
1160 2045 1282 2100 quod
1312 2046 1394 2089 hoc
1426 2047 1523 2088 Ioco
1551 2047 1685 2088 etiam
1707 2047 1884 2089 Beatus
1908 2061 1956 2102 2).
1986 2050 2050 2089 84
2074 2063 2214 2103 prae-

305 2118 385 2169 bet,
420 2119 727 2173 siqnificatur)
761 2120 803 2160 A
882 2120 906 2161 3
941 2119 1199 2161 huiusmodi
1232 2120 1452 2175 homines]
1487 2121 1619 2162 huius
1651 2121 1846 2163 hominis
1879 2123 1923 2163 A
2000 2124 2026 2163 4
2059 2124 2214 2177 paeni-

302 2193 509 2247 tentiam]
543 2194 793 2248 potentiam
827 2195 870 2235 A
934 2195 958 2235 9
991 2193 1195 2248 baptista
1226 2194 1359 2236 uncis
1379 2194 1569 2246 inclasi‚·
1598 2195 1733 2236 aliter
1749 2209 1798 2249 p.
1828 2196 1909 2247 26,
1934 2198 1991 2236 13
2056 2197 2108 2237 12
2135 2211 2213 2238 110-

303 2280 395 2309 cem
417 2282 546 2323 quam
566 2288 620 2303 z
640 2281 725 2309 uox
751 2282 881 2322 quam
905 2281 988 2322 per
1007 2269 1327 2310 attractionem
1352 2269 1639 2312 snbstantiai
1665 2269 1729 2311 ad
1753 2282 1906 2311 casum
1922 2271 2215 2323 pronominis

301 2340 492 2383 relatiai
532 2340 862 2383 accommodati
1001 2342 1056 2383 14
1097 2344 1346 2395 arguuntur
1386 2343 1691 2396 contumaces]
1730 2342 1782 2384 id
1822 2347 1885 2395 est
1926 2342 1996 2384 die
2039 2342 2212 2385 Wider-

302 2413 567 2467 spenstigen
607 2413 665 2467 (d.
706 2413 750 2455 11.
793 2414 865 2455 (116
904 2414 1218 2467 Marcioniten)
1261 2414 1435 2456 werden
1480 2414 1725 2465 iiberfiihrt,
1770 2414 1856 2457 dass
1899 2413 1989 2468 der,
2023 2415 2215 2457 welcher

301 2486 564 2539 gekommen
600 2487 672 2539 ist,
715 2486 793 2529 der
835 2487 1058 2529 namliche
1098 2488 1171 2540 ist,
1215 2486 1292 2529 der
1333 2487 1469 2529 durch
1504 2487 1574 2529 die
1608 2488 1866 2542 Propheten
1901 2487 2087 2543 geredet
2118 2488 2212 2542 hat,

302 2559 358 2612 cf.
400 2559 509 2602 haec
550 2561 833 2603 testimonia:
875 2575 1028 2603 uocem
1069 2562 1257 2616 primam
1301 2576 1430 2616 quam
1474 2562 1596 2616 dicit,
1639 2563 1753 2617 legis
1801 2565 1845 2603 et
1892 2563 2211 2617 prophetarum

303 2633 494 2687 eloquia,
528 2635 579 2674 ut
612 2632 885 2675 concordent
917 2648 1033 2676 noua
1067 2634 1295 2676 ueteribus
1329 2635 1495 2690 fiatque
1530 2635 1640 2677 illud
1684 2635 1802 2690 quod
1842 2635 2210 2690 psalmographus

301 2706 386 2747 ait:
421 2706 559 2748 semel
591 2706 768 2748 locutus
803 2710 872 2748 est
905 2706 1028 2761 deus,
1071 2706 1157 2748 duo
1198 2707 1309 2749 haec
1352 2708 1504 2749 audiui
1539 2709 1632 2761 (Ps.
1673 2711 1741 2762 61,
1774 2711 1844 2763 12,
1880 2709 1936 2762 cf.
1967 2722 2012 2762 p.
2050 2710 2127 2763 24,
2168 2711 2210 2761 6)

299 2778 477 2821 Beatus
511 2793 558 2833 p.
601 2782 718 2832 233;
769 2780 1076 2834 unusquisque
1120 2781 1378 2835 electorum,
1422 2784 1472 2823 ut
1511 2781 1730 2824 inoffenso
1776 2781 2057 2824 credulitatis
2097 2781 2210 2836 pede

300 2865 379 2908 per
413 2852 695 2906 euangelium
730 2852 785 2894 ad
818 2867 950 2895 uerae
983 2853 1089 2895 fidei
1123 2857 1403 2896 sacramenta
1435 2855 1681 2910 pertingat,
1722 2856 1888 2897 ueteris
1921 2855 2210 2897 instrumenti

301 2923 520 2975 doctrina,
549 2938 662 2979 quae
689 2939 852 2967 nouam
875 2926 1118 2981 praecedit,
1138 2927 1372 2969 roboratur
1390 2928 1687 2982 P8.—Aa9ust.
1709 2929 1862 2970 homil.
1881 2928 1975 2969 ΙΙΙ
1996 2927 2215 2980 (XXXV

302 3000 437 3039 2422
470 2997 496 3039 l.
535 2999 598 3039 35
628 3012 719 3052 sqq.
753 2999 831 3053 M>
930 2999 1077 3057 ipsum
1105 3020 1159 3035 z
1187 3000 1257 3041 τὸν
1293 3000 1420 3042 αὐτόν
1502 3002 1555 3043 15
1590 3015 1667 3056 per
1701 3001 1866 3043 addidi
1963 3001 2208 3057 prophetas

299 3071 474 3125 scripsi,
509 3071 774 3127 prophetam
808 3073 850 3113 A
941 3057 1001 3114 17·
1031 3073 1191 3128 inquit,
1226 3075 1373 3128 quam]
1410 3088 1540 3128 quam
1575 3075 1722 3128 inquit
1755 3088 1886 3129 quam
1919 3075 1963 3116 A

2248 1192 2291 1226 10

2250 1635 2292 1669 15
