2470 3718
859 233 1446 287 ProlegomenaIss.
1981 216 2074 266 XV

218 407 267 452 et
299 419 410 468 spes
439 401 583 466 reyni
601 400 801 464 futuri,
827 400 883 446 in
909 414 1003 463 quo
1028 413 1140 445 cum
1169 396 1369 445 Christo
1393 396 1557 445 sancti
1582 395 1847 461 reynaturi
1880 397 1999 442 sunt
2030 398 2074 442 et

218 504 402 537 uerum
439 486 703 536 sabbatum
741 484 1040 533 celebraturi
1079 477 1165 542 (cf.
1199 479 1328 526 infra
1362 478 1473 541 p.6,
1501 478 1554 535 ὃς
1592 478 1709 535 140,
1736 477 1791 534 2;
1838 476 1952 534 144,
1980 475 2071 539 51).

221 573 437 623 Rebecca
454 572 611 637 plena
643 571 831 635 spiritu
865 573 1036 618 sancto
1069 572 1114 616 et
1145 569 1321 631 sciens,
1364 567 1488 632 quid
1520 567 1760 629 audisset,
1801 570 2074 630 antequam

213 663 438 725 pareret,
494 658 616 723 quia
670 657 895 705 maior
946 655 1218 704 seruiet
1267 654 1530 702 minori
1566 646 1710 707 (Gen.
1741 649 1823 707 25,
1865 645 1973 711 23),
2006 676 2074 682 —-

219 745 387 811 mayis
440 748 610 792 autem
648 741 837 806 forma
884 742 1101 806 spiritus
1155 740 1335 802 sancti,
1391 755 1519 804 quae
1565 738 1765 801 futura
1819 741 1966 785 norat
2019 737 2071 784 in

221 831 442 893 Christo,
468 831 524 878 in
548 828 695 878 Iacob
720 831 836 877 ante
860 827 1140 876 meditatur
1163 851 1233 856 ——
1257 826 1483 890 loquitur
1514 824 1771 887 adfilium
1803 823 2075 871 minorem:

221 917 397 965 uade
442 915 526 964 ad
573 930 844 981 qreyeni
889 916 947 961 et
994 913 1230 977 accipe
1282 911 1455 959 milii
1506 910 1669 959 inde
1714 909 1879 957 duos
1932 907 2074 956 hae-

218 1003 338 1051 dos
376 996 524 1062 (Gen.
552 996 637 1054 27,
674 994 745 1062 9),
778 999 1145 1064 praefiqurans
1183 1013 1425 1047 carneum
1463 996 1743 1045 saluatoris
1781 995 2072 1055 aduentum,

219 1090 276 1137 in
319 1104 413 1153 quo
458 1104 538 1136 eos
581 1086 663 1135 uel
702 1086 924 1134 maoeime
969 1085 1220 1147 liberaret,
1263 1084 1350 1149 qui
1390 1083 1613 1148 peccatis
1659 1081 1953 1130 tenebantur
1998 1079 2075 1128 ob-

216 1174 377 1225 noxii,
410 1171 661 1237 siquidem
690 1172 746 1220 in
778 1171 1011 1220 omnibus
1042 1170 1374 1235 scriptoribus
1410 1168 1561 1218 haedi
1603 1185 1697 1233 pro
1728 1166 2075 1232 peccatoribus

217 1259 560 1323 accipiuntur.
587 1258 718 1323 quod
742 1261 910 1306 autem
935 1256 1061 1304 duos
1076 1256 1276 1304 iubetur
1292 1254 1519 1319 adferre,
1539 1254 1756 1303 duorum
1770 1253 2073 1317 populorum

219 1345 546 1411 siqnificatur
569 1343 860 1407 adsumptio
872 1361 888 1403 ;
921 1341 1052 1407 quod
1072 1346 1263 1390 teneros
1278 1345 1323 1389 et
1340 1341 1503 1403 bonos,
1531 1340 1712 1388 dociles
1730 1343 1774 1387 et
1791 1340 2076 1387 innocentes

217 1432 439 1480 animae.
473 1430 600 1479 stola
632 1429 776 1479 Esau
795 1429 933 1492 fides
965 1432 1010 1476 et
1041 1429 1326 1492 scripturae
1355 1430 1474 1475 sunt
1500 1425 1862 1486 Hebraeorum,
1896 1424 2076 1489 quibus

214 1517 486 1582 yentilium
530 1515 744 1564 indutus
782 1518 852 1563 est
884 1515 1133 1578 populus;
1171 1513 1343 1578 pelles,
1383 1529 1510 1578 quae
1547 1513 1657 1560 eius
1694 1510 1942 1560 bracchiis
1979 1511 2073 1558 cir-

217 1601 487 1652 cumdatae
532 1605 665 1664 sunt,
707 1604 915 1666 peccata
961 1601 1228 1665 utriusque
1273 1603 1392 1648 sunt
1439 1598 1617 1663 plebis,
1666 1613 1792 1663 quae
1841 1595 2075 1645 Christus

217 1690 275 1737 in
314 1689 595 1738 extensione
629 1703 877 1736 manuum
915 1687 1052 1734 cruci
1084 1703 1249 1735 secum
1280 1687 1486 1750 pariter
1515 1684 1714 1747 adfixit.
1755 1681 1886 1748 quod
1923 1681 2074 1730 Isaac

218 1775 421 1840 quaerit
458 1774 519 1822 ab
550 1772 714 1836 Iacob,
749 1789 840 1821 cur
871 1776 976 1821 tam
1015 1773 1110 1823 cito
1147 1772 1360 1834 uenerit,
1394 1771 1691 1819 admiratur
1721 1770 1933 1817 uelocem
1973 1785 2073 1817 cre-

216 1860 449 1908 dentium
465 1858 668 1923 fidem;
706 1859 838 1924 quod
869 1858 965 1906 cibi
996 1857 1306 1906 delectabiles
1338 1858 1639 1922 offeruntur,
1672 1856 1837 1905 hostia
1868 1855 2075 1920 placens

217 1947 308 1994 deo
341 1946 482 1994 salus
513 1949 585 1994 est
608 1948 947 2009 peccatorum.
1000 1947 1113 2008 post
1143 1960 1283 1992 esum
1322 1944 1551 2008 sequitur
1582 1942 1852 1991 benedictio
1890 1945 1935 1989 et
1966 1941 2074 1989 eius

216 2031 368 2080 odore
397 2031 715 2096 perfruitur,
760 2031 1006 2079 uirtutem
1050 2031 1436 2079 resurrectionis
1471 2033 1520 2078 et
1555 2029 1703 2094 reqni
1741 2031 1920 2092 aperta
1959 2043 2074 2075 uoce

211 2118 611 2182 praenuntians,
632 2116 873 2182 quomodo
897 2118 1052 2165 etiam
1076 2116 1287 2165 adorent
1311 2132 1423 2164 eum
1434 2114 1642 2178 fratres
1668 2115 1748 2163 sui
1773 2117 1818 2162 et
1842 2113 2073 2162 seruiant

215 2205 265 2252 ei
289 2203 539 2252 credentes
563 2219 621 2251 ea:
645 2202 859 2252 Israhel·
888 2204 1009 2268 quia
1033 2203 1196 2268 iqitur
1217 2203 1469 2267 iniquitas
1492 2204 1565 2250 est
1588 2201 1801 2249 inimica
1825 2199 2070 2260 iustitiae,

220 2289 363 2338 Esau
401 2290 456 2337 in
489 2289 801 2338 discordiam
839 2290 1119 2339 concitatur
1154 2293 1200 2337 et
1231 2304 1393 2337 necem
1418 2287 1799 2350 fraudulentus
1830 2285 2074 2350 excoyitat

216 2375 391 2423 dicens
427 2376 483 2424 in
525 2375 670 2424 corde
717 2391 834 2424 suo:
879 2375 1314 2439 adpropient
1359 2374 1509 2422 dies
1547 2372 1922 2437 passionis
1963 2387 2070 2435 pa-

218 2462 361 2509 tris
414 2462 540 2509 mei
587 2466 645 2510 et
702 2461 1008 2510 occidam
1053 2460 1272 2524 Iacob,
1313 2459 1633 2524 fratrem
1670 2474 1879 2507 meum
1920 2451 2069 2519 (Gen.

223 2543 304 2604 27,
324 2541 430 2608 41).
477 2547 708 2596 diabolus
718 2547 1041 2610 fratricidae
1058 2546 1219 2595 Iudae
1243 2563 1296 2595 os
1318 2548 1372 2595 in
1402 2545 1532 2595 Cain
1555 2549 1672 2594 ante
1691 2543 2073 2609 praemeditans

220 2634 276 2681 in
308 2633 451 2682 Esau
481 2633 903 2697 manifestissime
933 2633 1213 2696 confltetur,
1256 2636 1451 2697 tempus
1482 2647 1672 2697 quoque
1701 2629 2074 2693 interfectionis

217 2718 508 2768 ostendens:
544 2719 1143 2784 adpropinquent,
1185 2720 1369 2784 inquit,
1411 2705 1964 2782 dies'passionis,
2005 2719 2072 2762 ut

217 2805 682 2868 interficiam
706 2805 1028 2869 fratrem
1072 2822 1278 2854 meum
1315 2799 1464 2866 (Gen.
1492 2801 1576 2859 27,
1618 2799 1724 2864 41).
1766 2804 2073 2868 quapropter

225 2890 452 2953 Rebecca,
492 2891 549 2938 id
586 2894 658 2939 est
695 2892 968 2955 patientia,
1008 2892 1275 2940 nuntiauit
1311 2891 1425 2939 uiro
1457 2890 1662 2954 fratris
1706 2888 1943 2950 insidias,
1984 2888 2071 2952 qui

217 2978 395 3023 uocato
438 2974 587 3024 Iacob
625 2977 886 3041 praecepit
928 2977 988 3040 ei,
1030 2980 1086 3024 ut
1131 2976 1553 3041 Mesopotamiam
1592 2977 1820 3040 peryeret
1865 2977 1910 3022 et
1953 2972 2071 3022 inde

218 3060 467 3124 acciperet
503 3077 711 3110 umorem
748 3063 807 3111 de
850 3078 1026 3128 yencre
1063 3062 1245 3112 Laban
1286 3062 1425 3127 Syri,
1459 3062 1665 3126 fratris
1706 3062 1892 3110 matris
1933 3076 2068 3109 suae.

222 3145 464 3211 quomodo
486 3147 657 3213 itaque
673 3148 878 3212 fratris
902 3148 1040 3197 dolos
1055 3149 1275 3215 fuqiens
1289 3148 1708 3213 Mesopotamiam
1733 3147 1892 3196 tendit
1905 3146 2068 3209 Iacob,

217 3233 297 3280 ita
328 3235 374 3280 et
415 3231 648 3282 Christus
679 3233 989 3283 Iudaeorum
1025 3235 1383 3283 incredulitate
1421 3235 1694 3299 conpulsus
1722 3233 2070 3299 proficiscitur

218 3318 278 3366 in
330 3316 635 3382 Galilaeam,
681 3319 800 3368 inde
846 3319 943 3369 sibi
986 3336 1045 3369 ex
1093 3320 1324 3386 flentibus
1369 3336 1608 3385 sponsam
1653 3323 1952 3384 sumpturus
1999 3335 2070 3367 ec-

220 3401 456 3452 clesiam.³
497 3402 616 3453 haec
655 3421 814 3469 supra
853 3405 1020 3454 dictus
1056 3407 1157 3455 uir.
