2470 3718
730 182 991 222 Recensio
1025 182 1333 235 Hieronymi
1365 183 1401 222 X
1434 183 1580 224 3—X1
1618 185 1651 225 1.
2048 188 2111 236 95

263 355 351 389 1100
394 340 453 389 de
492 338 700 390 metallo
744 339 987 389 dimissus
1029 342 1118 389 est.
1161 340 1232 389 sic
1271 342 1449 403 postea
1488 341 1699 390 tradidit
1737 342 1865 390 110110
1905 342 2113 391 eandem

264 441 412 489 quam
454 428 716 489 acceperat
756 442 782 474 a
822 426 1026 475 domino
1069 425 1409 490 apocalypsin.
1449 426 1544 475 hoc
1587 429 1687 476 est:
1744 430 2005 491 oportet
2051 431 2112 477 te

262 511 499 560 iterum
540 511 940 575 praedicare.

1078 677 1199 718 CAP.
1232 677 1305 717 XI.

119 770 146 820 l
211 784 228 816 5
331 778 430 841 [Et
468 781 664 828 ostensa
704 783 772 827 est
813 778 939 828 mihi
978 778 1177 827 arundo
1208 778 1395 827 similis
1431 781 1604 841 airam
1636 784 1678 827 (t
1708 782 1872 829 stabat
1903 781 2113 845 aiiyelics
2133 787 2198 838 11,
2235 787 2254 827 1

260 863 455 914 dicens:
490 880 636 928 surye
675 868 719 912 et
756 865 927 912 metire
965 864 1206 926 templum
1246 863 1326 912 dei
1365 873 1408 914 et
1444 864 1606 914 altare
1645 869 1689 913 et
1729 882 1823 924 eos,
1867 869 1951 928 qni
1998 866 2111 915 ado-

258 952 376 998 rant
429 950 487 997 in
541 949 668 1011 illo]
730 949 1091 1012 Accepisse
1154 952 1324 998 autem
1381 950 1759 998 arundinem
1826 951 2111 1000 similem

258 1035 506 1100 uirgae,
540 1038 609 1084 ut
647 1035 913 1084 metiret
954 1035 1268 1098 templum
1310 1035 1410 1083 dei
1453 1038 1512 1084 et
1553 1051 1718 1084 aram
1762 1039 1821 1086 et
1853 1037 2110 1086 adoran-

258 1123 353 1170 tes
399 1121 460 1170 in
510 1137 590 1181 ea,
647 1122 957 1185 potestatem
998 1120 1137 1181 dicit,
1181 1135 1330 1183 quam
1381 1121 1624 1170 dimissus
1667 1124 1845 1184 postea
1886 1122 2112 1172 exhibuit

186 1221 226 1253 10
259 1206 502 1256 eeclesiis.
545 1221 658 1255 nam
701 1208 751 1255 et
790 1206 1115 1271 euangelium
1157 1208 1335 1269 postea
1376 1206 1593 1267 scripsit.
1636 1222 1751 1255 cum
1801 1210 1937 1257 esset
1978 1208 2109 1256 enim

319 1320 338 1360 1
375 1321 441 1360 001
472 1331 551 1360 om.
591 1319 696 1372 039
844 1320 867 1359 2
902 1332 925 1358 a
958 1317 1037 1358 deo
1074 1319 1107 1358 X.
1256 1319 1335 1359 1100
1370 1322 1435 1359 001
1468 1333 1568 1372 ergo
1603 1318 1738 1372 (quod
1772 1320 1834 1360 ait
1868 1321 1970 1362 add.
2004 1335 2046 1372 sy)
2081 1321 2115 1362 S

258 1391 282 1431 3
313 1390 583 1445 praedicare]
620 1390 879 1444 prophetare
918 1390 1045 1430 UBI<v
1122 1395 1227 1443 post
1258 1390 1508 1444 praedicare
1539 1392 1612 1432 uel
1644 1391 1903 1444 prophetare
1927 1396 2112 1444 propter

248 1462 469 1514 foliorum
494 1462 544 1502 in
571 1462 807 1515 archetypo
836 1461 1224 1514 transpositionem
1255 1461 1363 1502 haec
1392 1462 1530 1502 uerba
1554 1466 1799 1514 sequimini·
1822 1475 1933 1515 quae
1966 1468 2111 1503 trans-

254 1534 366 1573 itum
386 1534 573 1586 faciunt
606 1533 667 1573 ad
697 1534 860 1586 eapitis
891 1533 1001 1573 XII
1029 1547 1072 1574 ic.
1108 1533 1155 1573 3¹³
1183 1534 1498 1585 expositionem
1530 1536 1605 1586 (cf.
1633 1548 1678 1586 J).
1713 1535 1798 1584 m,
1835 1537 1860 1574 4
1893 1534 2021 1588 sqq.):

319 1604 471 1645 TFH:
510 1618 657 1645 omnes
697 1606 851 1657 gentes
894 1605 965 1657 qui
1007 1608 1130 1658 (quae
1176 1605 1230 1659 T)
1272 1608 1455 1645 cernunt
1495 1607 1670 1656 (cenant
1715 1604 1767 1656 T)
1814 1606 1857 1645 111
1899 1619 2110 1645 suminam

258 1676 459 1727 (simnian
490 1675 545 1727 T)
578 1675 827 1716 antichristi
861 1679 1010 1717 contra
1044 1678 1150 1717 istos
1185 1680 1379 1717 staturae
1413 1679 1583 1717 suntet
1617 1679 1713 1721 (01η.
1747 1676 1800 1727 T)
1826 1676 1972 1727 gladio
1999 1677 2109 1730 (gla-

257 1747 373 1787 dium
413 1747 466 1800 T)
499 1747 755 1788 alterutrum
789 1750 891 1787 sunt
923 1761 1098 1788 casurae
1132 1748 1301 1802 (casuro
1342 1748 1389 1800 T,
1431 1748 1571 1788 casuri
1604 1748 1684 1793 Hi.
1729 1748 1860 1800 [uidi
1902 1752 1952 1789 et
1992 1762 2109 1789 0000

253 1817 410 1859 draco
451 1832 671 1871 magnus
712 1817 860 1858 rufus
903 1819 1007 1861 add.
1040 1819 1171 1872 FHj.
1212 1818 1337 1869 Quod
1369 1819 1442 1871 (Et
1474 1819 1590 1872 quod
1630 1819 1683 1870 T)
1717 1824 1862 1860 autem
1895 1820 1957 1860 ait
1989 1820 2109 1860 illum

254 1891 410 1930 eoloris
443 1904 535 1931 esse
570 1890 683 1930 rosei
715 1896 790 1933 etc.
826 1894 895 1941 (z
928 1892 1066 1943 Alme.
1100 1904 1134 1934 0.
1167 1892 1277 1932 XII
1303 1905 1346 1932 u.
1382 1892 1445 1944 gt)

310 1961 465 2002 IKM:
519 1961 622 2001 Tres
675 1964 916 2002 testaturae
964 1962 1145 2015 (Contra
1191 1963 1297 2003 sitos
1346 1965 1537 2003 staturae
1586 1961 1654 2013 M)
1708 1965 1809 2002 sunt
1864 1964 1908 2002 et
1963 1962 2107 2015 gladio

251 2032 510 2074 alterutrum
544 2036 644 2073 sunt
677 2046 867 2074 casurae.
902 2033 1013 2074 uidi
1056 2037 1106 2075 et
1139 2048 1260 2075 ecce
1295 2034 1450 2075 draco
1484 2048 1703 2087 magnus
1737 2033 1887 2074 rufus
1921 2036 1971 2086 (0.
2006 2035 2113 2075 XII

253 2116 293 2144 ιι.
329 2106 406 2156 31³).
442 2103 568 2154 Quod
601 2107 747 2145 autem
780 2104 888 2145 dicit
918 2105 1046 2146 illum
1079 2105 1234 2146 eoloris
1269 2119 1361 2146 esse
1396 2106 1508 2146 rosei
1541 2111 1613 2146 ete.

306 2175 488 2228 Reliqui
517 2175 686 2217 codices
719 2177 802 2217 alii
836 2177 928 2217 alio
960 2176 1089 2217 modo
1123 2181 1290 2218 textum
1321 2189 1487 2217 sanare
1518 2176 1806 2217 studuerunt:

308 2250 352 2297 a)
393 2247 492 2288 CB:
524 2247 810 2301 Accepisse
844 2250 991 2288 autem
1026 2248 1335 2289 arundinem
1362 2251 1435 2298 (z
1461 2262 1494 2289 0.
1520 2248 1602 2288 XI
1621 2262 1661 2289 u.
1689 2251 1750 2299 1):
1779 2261 1926 2288 omnes
1952 2251 2105 2302 gentes

249 2330 361 2371 quae
394 2318 676 2359 dimicaturae
709 2319 959 2360 antichristi
991 2320 1282 2371 (Antichristo
1315 2319 1354 2372 e)
1389 2322 1539 2361 eontra
1573 2321 1680 2361 istos
1715 2319 1974 2361 statuendae
2008 2322 2107 2360 sunt

251 2391 295 2430 01
325 2391 424 2441 (om.
462 2389 556 2440 CB)
598 2389 793 2443 gladium
833 2390 1009 2444 (gladiis
1044 2395 1079 2442 e>
1123 2392 1379 2432 alterutrum
1421 2394 1524 2432 sunt
1557 2404 1747 2432 casurae.
1782 2392 1854 2444 qui
1890 2392 1951 2432 ait
1982 2391 2106 2432 illum

248 2461 406 2502 coloris
439 2474 531 2502 esse
564 2462 677 2502 rosei
706 2457 785 2503 ete.

306 2531 348 2583 b)
380 2532 435 2574 S:
468 2545 616 2572 omnes
657 2534 811 2585 gentes
855 2533 1073 2583 (omnibus
1107 2533 1311 2586 gentibus
1341 2535 1405 2586 9):
1448 2534 1549 2587 quia
1590 2534 1726 2574 cernit
1763 2534 1919 2586 (cernis
1956 2535 2000 2587 9)
2040 2533 2104 2573 in-

248 2616 424 2657 surgere
456 2603 705 2645 antichristi
736 2604 904 2656 turbas,
938 2607 982 2645 et
1015 2607 1164 2645 contra
1187 2605 1296 2645 istos
1323 2605 1446 2658 (istas
1469 2611 1511 2658 9)
1541 2607 1736 2646 staturae
1762 2607 1863 2646 sunt
1888 2607 1932 2646 et
1955 2604 2102 2658 gladio

247 2675 504 2717 alterutrum
529 2678 632 2716 sunt
664 2689 851 2717 casurae.
886 2677 958 2727 (et
991 2676 1093 2718 add.
1124 2678 1168 2730 9)
1203 2679 1421 2717 ostensa
1455 2679 1535 2717 est
1565 2677 1695 2717 mihi
1728 2675 1928 2716 arundo
1962 2675 2102 2716 simi-

247 2746 313 2787 lis
353 2747 536 2800 uirgae
577 2751 650 2788 etc.
706 2748 778 2796 (=
826 2760 858 2790 c.
910 2747 991 2788 XI
1031 2761 1074 2791 u.
1123 2751 1184 2800 1);
1223 2748 1330 2788 haec
1366 2748 1559 2789 recensio
1598 2754 1762 2789 rectum
1800 2754 1839 2789 et
1882 2752 2025 2790 textus
2064 2751 2103 2788 et

245 2818 624 2871 interpretationis
654 2818 852 2860 ordinem
882 2820 1076 2860 restituit
1210 2820 1234 2859 5
1265 2818 1351 2860 Et.
1373 2852 1381 2859 .
1401 2820 1442 2859 in
1475 2819 1550 2860 illo
1587 2820 1691 2860 add.
1722 2820 1760 2860 X
1908 2819 2100 2871 ostensa]

247 2889 350 2931 data
382 2889 438 2941 Φ,
470 2890 525 2942 ef.
568 2889 689 2943 Vuly.
781 2892 804 2932 7
837 2891 881 2931 in
914 2891 990 2932 illo
1024 2904 1105 2934 om.
1136 2890 1220 2931 IK
1332 2890 1564 2945 Accepisse
1669 2891 1695 2932 Z.
1734 2893 1760 2932 9
1790 2891 1833 2931 in
1867 2904 1917 2932 ea
1949 2903 2030 2932 om.
2062 2890 2100 2930 X

245 2962 272 3003 8
303 2962 480 3003 metiret
518 2961 616 3014 TD,
649 2963 878 3004 metiretur
913 2962 991 3004 OB
1169 2962 1239 3003 dei
1269 2964 1480 3017 templum
1511 2963 1643 3004 DCB
1789 2963 1813 3003 9
1847 2961 2101 3003 arundinem

244 3035 509 3086 potestatem
543 3033 651 3074 dicit
679 3033 763 3075 IK
896 3037 1220 3088 potestatem..
1242 3068 1250 3076 .
1270 3034 1493 3088 dimissus]
1530 3033 1718 3076 Ostensa
1750 3033 1913 3074 arundo
1947 3032 2100 3074 01111110

244 3103 387 3156 uirge:
419 3103 526 3145 haec
557 3104 653 3158 ipsa
684 3106 751 3145 est
782 3105 1072 3159 apocalypsis,
1105 3118 1233 3159 quam
1266 3104 1302 3146 S
1395 3105 1559 3146 exibuit
1595 3104 1806 3156 TmJDF,
1839 3105 2029 3145 exercuit
2051 3102 2103 3142 H

245 3174 299 3216 10
332 3174 538 3216 eeclesias
570 3174 625 3224 F,
657 3175 703 3216 in
736 3176 932 3218 ecclesiis
962 3176 1016 3218 H
1191 3181 1298 3230 post
1329 3176 1605 3230 euangelium
1639 3175 1743 3218 add.
1774 3174 1966 3229 perfecte
1998 3172 2098 3214 fidei

242 3248 419 3287 nostrae
454 3246 609 3288 salutis
642 3260 772 3288 causa
796 3247 841 3301 S,
875 3247 979 3289 add.
1004 3248 1215 3289 iohannes
1246 3248 1286 3289 T
1371 3261 1466 3290 eum
1501 3248 1615 3289 enim
1648 3250 1763 3289 esset
1785 3245 1867 3288 IK
1951 3246 2098 3287 essent

246 3315 353 3370 GBy
470 3318 584 3359 enim
615 3330 697 3361 om.
735 3318 815 3359 CB
