2470 3718
71 1246 103 1297 10

161 906 202 956 4,

236 906 261 947 2

237 1260 262 1301 [0

300 125 369 175 46
882 120 1071 163 Editio
1106 121 1384 163 Victorini
1418 121 1480 164 IV
1519 122 1644 164 1—2.

301 282 636 343 audieram,
687 281 800 332 illa
848 281 998 331 mihi
1050 281 1231 332 dixit:
1291 282 1556 332 ascende
1614 282 1754 334 huo:
1812 283 1866 334 id
1923 286 2004 335 est
2057 285 2208 337 Iesus

299 369 560 431 Christus,
605 385 757 435 quem
800 369 955 434 paulo
999 372 1116 420 ante
1167 369 1317 435 quasi
1358 369 1526 420 filium
1568 370 1796 422 hominis
1844 370 1980 422 inter
2027 372 2208 423 cande-

296 457 441 508 labra
481 473 637 508 aurea
685 472 739 507 se
788 456 987 507 uidisse
1035 457 1248 518 fatetur,
1301 459 1352 507 et
1399 472 1534 507 nuno
1586 457 1768 508 exinde
1816 458 2018 522 recolit,
2077 476 2208 526 quae

295 562 387 612 per
425 546 596 612 legem
637 545 687 594 in
732 544 1171 596 similitudinibus
1215 545 1580 611 praenuntiata
1621 548 1782 607 erant,
1840 548 1891 597 et
1939 563 2030 612 per
2077 548 2208 598 hano

299 634 613 699 scripturam
679 633 951 698 Coniungit
1017 648 1195 683 omnes
1260 633 1458 698 priores
1522 633 1805 699 prophetas
1871 637 1922 686 et
1976 635 2209 701 adaperit

297 722 602 786 scripturas.
655 723 706 771 et
757 721 879 785 quia
925 726 1209 785 postquam
1250 720 1503 771 inuitauit
1542 720 1593 770 in
1638 721 1840 772 eaelum
1884 738 2061 775 omnes
2104 739 2210 775 ere-

298 811 478 861 dentes
514 811 564 861 in
598 810 805 860 nomine
843 825 935 860 suo
974 809 1216 860 dominus
1252 811 1443 871 noster,
1480 810 1661 860 statim
1696 811 1937 875 spiritum
1968 816 2206 863 sanetum

297 898 498 961 effudit,
557 898 644 964 qui
701 898 928 949 ferturus
988 901 1069 949 est
1124 897 1388 948 hominem
1448 897 1510 947 ad
1569 899 1789 961 eaelum,
1841 899 1935 950 ait:
1995 901 2208 951 statim

298 987 505 1038 faetus
550 1003 681 1037 sum
726 986 783 1036 in
827 986 1074 1051 spiritu.
1118 989 1169 1036 et
1212 1002 1329 1036 eum
1365 986 1627 1053 aperiatur
1659 1002 1750 1051 per
1784 987 2029 1052 spiritum
2065 1004 2208 1039 sane-

295 1078 408 1126 tum
452 1091 600 1125 mens
645 1072 756 1142 [fol.
802 1072 876 1142 GV]
922 1074 1174 1135 fidelium,
1217 1074 1350 1124 illud
1391 1074 1496 1124 illis
1540 1074 1922 1137 manifestatur,
1975 1076 2112 1141 quod
2160 1079 2210 1127 et

295 1162 557 1227 prioribus
601 1168 680 1212 est
723 1162 1094 1227 praedicatum.

373 1250 739 1317 Signifieanter
787 1250 1014 1302 solium
1067 1250 1363 1316 positum,
1422 1249 1561 1315 quod
1610 1254 1691 1301 est
1739 1251 1889 1302 sedes
1931 1251 2114 1303 iudicii
2158 1257 2209 1304 et

293 1340 457 1407 regiS,
531 1355 687 1405 super
758 1355 912 1405 quem
986 1339 1179 1390 solium
1252 1339 1451 1390 uidisse
1526 1356 1579 1390 se
1652 1339 1727 1390 ait
1805 1340 2206 1391 similitudinem

295 1427 513 1492 iaspidis
573 1432 623 1478 et
681 1427 836 1478 sardi.
897 1428 1017 1493 quia
1057 1427 1220 1493 iaspis
1265 1442 1428 1493 aquae
1473 1427 1615 1478 color
1656 1430 1737 1479 est
1778 1431 1830 1479 et
1871 1428 2009 1479 sardi
2048 1428 2205 1495 ignis,

293 1516 421 1566 haee
480 1515 580 1567 duo
645 1518 962 1566 testamenta
1025 1515 1197 1581 posita
1264 1531 1379 1565 esse
1443 1531 1611 1581 usque
1676 1515 1739 1565 ad
1798 1518 2208 1568 consummatio-

295 1619 412 1653 nem
471 1603 609 1654 orbis
670 1620 825 1670 super
888 1603 1118 1654 tribunal
1184 1603 1266 1654 dei
1333 1604 1511 1654 exinde
1570 1603 2023 1666 manifestabatur,
2083 1620 2207 1670 quo-

293 1708 409 1743 rum
459 1692 776 1744 iudiciorum
820 1691 981 1742 duum
1025 1708 1188 1742 unum
1230 1692 1333 1741 iam
1380 1694 1806 1742 consummatum
1849 1694 1928 1742 est
1977 1692 2028 1742 in
2071 1696 2207 1742 cata-

295 1780 480 1831 olismo
537 1797 629 1845 per
675 1796 882 1845 aquam,
943 1779 1086 1830 aliud
1143 1782 1318 1831 autem
1375 1795 1466 1846 per
1514 1779 1687 1846 ignem
1740 1779 2207 1831 consummabitur.

442 1939 466 1979 2
503 1937 558 1980 of.
593 1939 730 1993 Apoc.
769 1938 804 1991 1,
844 1938 895 1980 13
996 1938 1046 1979 13
1082 1938 1137 1979 ef.
1169 1937 1281 1979 ibid.
1315 1938 1355 1991 4,
1391 1939 1414 1979 3

351 2041 378 2082 4
412 2040 784 2083 similitudinibus
821 2040 1014 2082 correxit
1048 2053 1101 2083 em
1134 2039 1432 2082 similitudine
1465 2040 1509 2082 A
1623 2040 1647 2081 8
1682 2039 1876 2082 ferturus
1910 2038 2077 2094 scripsi
2108 2052 2209 2081 cum

296 2113 372 2156 ΤΒ
404 2114 480 2170 (cf.
513 2113 692 2165 fertilis,
728 2114 897 2167 sertor),
932 2114 1103 2156 laturus
1136 2114 1179 2155 A
1304 2114 1383 2169 ait]
1418 2113 1497 2156 Ait
1532 2114 1645 2155 enim
1680 2114 1724 2155 A
1848 2114 1873 2156 9
1906 2113 2055 2155 factus
2089 2113 2204 2167 sum]

290 2186 458 2229 factum
484 2202 608 2229 suum
635 2189 678 2229 A
745 2189 796 2229 12
824 2187 1136 2243 significanter
1160 2188 1336 2242 scripsi,
1366 2187 1678 2242 significantur
1702 2186 1750 2228 id
1774 2190 1842 2229 est
1866 2187 1910 2228 A
1976 2186 2028 2228 13
2055 2186 2207 2240 quem]

289 2262 395 2303 item
432 2261 519 2302 ΤΒ
629 2262 682 2303 14
716 2261 852 2317 sardi]
888 2262 992 2303 item
1021 2261 1108 2303 TI)
1223 2263 1274 2305 15
1308 2266 1455 2304 uerte:
1490 2261 1572 2303 dass
1609 2259 1729 2303 diese
1765 2260 1889 2316 (zwei
1922 2259 2206 2311 Edelsteine)

293 2334 357 2375 als
392 2333 462 2376 die
494 2333 658 2376 beiden
685 2334 971 2376 Testamente
1006 2338 1077 2387 (z
1106 2334 1170 2376 als
1207 2333 1278 2376 (lie
1307 2334 1568 2377 Sinnbilder
1601 2333 1678 2375 der
1709 2332 1873 2376 beiden
1899 2332 2205 2386 Testamente)

291 2407 402 2449 iiber
435 2407 533 2449 dem
568 2407 743 2449 Throne
779 2407 938 2450 Gottes
974 2409 1249 2463 angebraeht
1282 2408 1381 2450 sind
1522 2409 1574 2450 16
1609 2407 1666 2462 cf.
1702 2406 1858 2450 exinde
1891 2405 2210 2449 manifestatur

292 2480 479 2523 duorum
510 2481 778 2523 iudiciorum
813 2481 917 2523 ordo
951 2483 1128 2524 Beatus
1152 2495 1202 2535 p.
1238 2484 1337 2524 234
1462 2482 1513 2524 17
1550 2482 1685 2523 duum
1717 2481 1893 2535 scripsi,
1927 2479 2127 2522 diuinum
2159 2479 2206 2521 A

2240 1095 2286 1130 10

2241 1537 2286 1572 15
