2470 3718
688 215 1014 256 uerborum
1063 216 1121 255 et
1169 214 1619 255 elocutionum.

2011 217 2106 265 171

204 374 340 413 tetras
378 371 418 419 4,
458 370 499 410 4.
539 368 754 410 tetradem
795 369 833 419 4,
876 368 914 409 9.
958 367 1022 408 11.
1065 367 1132 410 20.
1183 368 1332 420 typus:
1373 366 1486 408 hunc
1525 368 1673 421 typum
1716 368 1785 420 28,
1827 369 1899 420 14,
1942 370 2016 420 29,
2058 370 2112 408 13

265 440 435 483 tetrade
468 442 509 491 4,
544 441 595 481 18

203 514 454 555 thesaurus:
491 511 725 566 proferenti
751 510 800 552 de
825 511 1030 551 thesauro
1058 522 1133 550 suo
1185 510 1362 550 zabulus
1395 511 1468 563 (cf.
1501 509 1740 561 diabolus):
1773 510 1914 551 zabuli
1942 510 2035 562 132,
2068 511 2107 552 8.

265 585 332 637 22,
369 585 440 636 163
474 585 549 636 25,
582 585 605 623 1

1242 581 1441 621 zabulum
1477 581 1569 631 138,
1604 582 1628 622 8

204 657 387 697 thronus
404 652 1027 707 (cf.sedesetsolium):throni
1045 652 1135 692 eius
1183 651 1410 693 zademata
1431 654 1530 705 (pro
1557 652 1838 706 diademata):
1865 652 2112 693 zadematas

262 729 348 780 (17,
382 728 470 782 14).
503 726 558 767 ἃᾶ
589 726 791 767 thronum
818 726 910 766 eius
937 724 1053 777 [109‚
1075 723 1135 777 9].

1245 722 1339 772 120,
1376 724 1396 764 1

264 801 363 839 ante
394 798 599 839 thronum
632 797 703 838 dei
734 797 774 849 4,
795 796 860 836 12.
896 797 933 847 7,
954 795 1019 836 19.
1052 795 1135 844 9,9
1184 808 1292 834 zona
1325 807 1454 834 aurea
1484 795 1551 845 22,
1585 795 1630 839 3,
1671 795 1745 843 23,
1779 796 1820 835 5.
1857 797 1895 835 7.
1939 795 2027 847 [23,
2065 797 2109 853 4]

833 971 871 1011 2.
904 968 1214 1011 VOCABVLA
1246 967 1475 1009 LATINA.

207 1086 245 1122 a,
286 1073 383 1114 abs:
423 1072 595 1114 tollitur
633 1084 657 1112 a
694 1073 810 1112 terra
840 1072 908 1123 54,
953 1070 1016 1111 13.
1058 1071 1130 1123 20,

262 1145 335 1194 55,
361 1144 427 1185 13.
457 1145 533 1185 20.
553 1167 605 1172 ——
632 1156 656 1183 a
680 1142 838 1182 finibus
864 1142 972 1182 caeli
998 1154 1134 1194 usque

1238 1070 1307 1119 22,
1321 1071 1343 1111 3
1358 1085 1366 1121 ,
1379 1089 1432 1104 =
1444 1082 1550 1110 zona
1565 1082 1692 1110 aurea
1712 1069 1928 1110 accinctus
1942 1070 2109 1122 pectori

1242 1142 1315 1189 23,
1355 1144 1381 1182 7

266 1214 320 1255 ad
352 1214 457 1255 fines
490 1214 580 1254 eius
613 1214 681 1266 82,
717 1213 790 1265 17,
824 1214 990 1264 83,17.
1026 1237 1077 1242 —-
1112 1226 1135 1252 a
1184 1213 1470 1254 accusavimus
1518 1225 1614 1252 cum
1660 1211 1915 1260 infinitiuo:
1955 1213 2110 1265 petunt

264 1286 359 1328 loco
393 1318 402 1326 .
422 1315 432 1325 .
451 1317 460 1325 .
494 1284 539 1325 id
564 1288 630 1325 est
655 1298 680 1325 a
704 1285 880 1325 flumine
905 1317 913 1324 .
935 1316 971 1326 ..
1000 1296 1133 1336 usque
1241 1283 1398 1325 auferri
1446 1283 1738 1337 inproperium
1786 1296 1907 1323 suum
1950 1281 2018 1334 30,
2066 1283 2110 1333 3,

261 1356 314 1397 ἃᾶ
354 1356 511 1396 flumen
550 1355 645 1408 148,
687 1356 725 1396 9.
765 1355 829 1396 10.
870 1378 924 1383 —-
964 1374 1017 1389 Ξ
1058 1367 1134 1407 per
1239 1356 1306 1402 31,
1347 1356 1389 1395 3.
1431 1354 1587 1407 quibus
1627 1354 1839 1407 cooperiri
1879 1366 1924 1394 se
1957 1356 2114 1407 optant

259 1428 330 1468 uel
385 1427 473 1470 abl.
523 1427 748 1468 instrunt..-
802 1428 1004 1480 corrupta
1047 1440 1133 1467 non

264 1505 329 1540 est
356 1512 380 1539 a
404 1500 545 1540 morte
577 1499 647 1546 22,
682 1500 726 1550 1,
761 1499 835 1548 23,
866 1502 906 1540 2.
938 1498 1134 1552 persuasi

261 1585 285 1612 a
302 1571 490 1611 ueritate
510 1571 606 1623 102,
641 1570 714 1619 133
742 1590 794 1604 =
820 1570 1006 1611 ueritate
1031 1570 1132 1622 103,

259 1642 327 1683 13.
347 1666 400 1672 -—
421 1661 472 1675 z
493 1640 557 1682 ἐκ,
585 1641 868 1682 resurrexisse
903 1654 927 1681 a
951 1641 1133 1681 mortuis

263 1713 301 1766 8,
332 1714 395 1755 19.
421 1727 508 1754 non
533 1713 732 1754 laedetur
763 1727 787 1754 a
817 1715 956 1753 morte
981 1726 1130 1754 secun-

260 1785 315 1825 da
346 1804 399 1819 =
433 1783 478 1825 ἐκ
505 1789 575 1823 τοῦ
607 1784 796 1824 θανάτου
830 1790 902 1824 τοῦ
938 1783 1131 1838 δευτέρου

260 1857 328 1909 36,
361 1857 406 1908 5,
439 1857 515 1909 37,
553 1859 592 1897 6.
626 1880 678 1886 —
705 1856 781 1897 abs
806 1858 851 1896 te
874 1855 942 1903 32,
973 1855 1043 1904 16;
1079 1875 1131 1890 z

262 1942 284 1969 a
315 1931 359 1969 te
393 1929 466 1978 33,
499 1929 556 1968 16

203 1999 455 2041 ablatiuus:
479 1999 651 2052 quietus
677 1998 826 2040 labore
852 1998 890 2050 3,
911 1999 948 2039 7.
970 2023 1021 2027 —
1043 1998 1131 2039 abl.

257 2071 407 2114 weston:
469 2071 673 2125 pugnabo
708 2102 717 2111 .
754 2103 761 2111 .
801 2069 948 2124 gladio
988 2090 1041 2105 z
1090 2070 1131 2111 ἐν

259 2147 308 2197 τῇ
334 2141 518 2199 ῥομφαίᾳ
535 2143 604 2191 36,
630 2142 704 2195 10,
729 2143 804 2192 37,
830 2144 890 2183 11.
909 2167 962 2172 -—
984 2143 1130 2184 aliter:

258 2216 302 2256 in
338 2215 483 2268 gladio
510 2215 707 2267 (37‚15).
732 2239 785 2244 —
813 2215 899 2255 abl.
928 2215 1134 2267 temporis

252 2299 339 2340 pro
380 2287 639 2328 accusatiuo
675 2299 853 2340 yraeco:
904 2285 1134 2327 calcabunt

258 2357 478 2398 mensibus
503 2356 626 2398 XLII
642 2358 710 2410 98,
735 2358 782 2408 2,
812 2359 884 2410 99,
912 2360 952 2398 2.
979 2357 1132 2398 diebus

258 2429 376 2469 mille
411 2428 559 2471 CCLX
586 2429 655 2482 98,
688 2429 733 2480 3,
771 2431 843 2481 99,
870 2432 910 2469 3.
943 2428 1131 2470 triennio

259 2503 303 2540 et
355 2499 574 2547 mensibus
628 2512 700 2540 sex
739 2500 833 2550 112,
866 2500 909 2548 83
952 2519 1006 2534 Ξ
1054 2499 1129 2541 tri-

263 2571 435 2612 ennium
462 2573 505 2612 et
528 2584 696 2612 menses
722 2584 794 2612 sex
817 2572 909 2622 113,
937 2573 979 2614 8.
1013 2571 1131 2612 mille

262 2642 384 2684 annis
434 2643 549 2696 [139,
594 2645 639 2694 9,
685 2643 779 2691 141,
820 2644 854 2683 1.
901 2643 962 2696 5].
1010 2642 1131 2683 breui

265 2717 461 2768 tempore
487 2734 541 2750 =
567 2713 702 2768 ὀλίγον
738 2715 832 2767 118,
863 2714 903 2756 4.
939 2715 1011 2766 11,
1036 2715 1130 2766 119,

264 2789 302 2827 4.
341 2787 410 2838 11,
445 2806 499 2821 =
540 2787 682 2842 μικρὸν
721 2785 872 2840 χρόνον
909 2786 1024 2839 [139,
1061 2787 1132 2837 11,·

260 2859 362 2911 143,
394 2859 467 2912 13]

204 2929 541 2971 abominandus:
605 2928 886 2970 abominandi
937 2929 1128 2970 aduentu

260 3002 362 3053 147,
398 3003 428 3042 8

207 3071 743 3114 abundantiasermonis:
773 3071 880 3113 illud
916 3074 982 3114 est
1015 3071 1129 3126 quod

259 3143 327 3196 54,
363 3143 436 3193 15;
484 3162 537 3178 Σ
584 3142 693 3184 illud
738 3144 914 3195 55,14.
963 3155 1129 3184 omnem

256 3218 417 3255 terram
457 3227 585 3268 quam
624 3216 673 3254 tu
708 3214 863 3267 aspicis
894 3213 979 3255 tibi
1012 3213 1122 3254 dabo

256 3285 376 3326 illam
413 3285 501 3335 148,
554 3285 605 3326 12

200 3357 442 3410 accingere:
471 3369 576 3398 zona
602 3369 732 3397 aurea
750 3355 946 3397 accincta
963 3355 1128 3410 pectori

1239 1428 1306 1479 31,
1358 1429 1404 1476 6;
1453 1427 1507 1480 cf.
1556 1426 1624 1477 30,
1670 1427 1710 1467 7.
1772 1421 1857 1466 non
1895 1425 2113 1478 permittit

1236 1499 1435 1539 homines
1482 1498 1664 1539 transire
1712 1497 1766 1538 ad
1819 1500 2002 1538 mortem
2046 1510 2112 1537 se·

1239 1568 1424 1611 cundam
1468 1570 1579 1623 [14],
1619 1570 1708 1622 13].
1750 1582 1876 1622 quem
1908 1581 1983 1622 per
2013 1581 2112 1621 pro-

1239 1641 1395 1696 phetas
1435 1641 1628 1682 locutum
1661 1641 1731 1693 44,
1767 1640 1817 1680 15
1851 1652 1936 1692 pro
1968 1639 2109 1680 ‘nomi-

1238 1714 1424 1754 natiuo:
1456 1712 1529 1766 qui
1560 1725 1638 1766 per
1669 1710 1905 1766 prophetas
1936 1711 2108 1752 locutus

1241 1787 1307 1826 est

1182 1856 1470 1898 accusatiuus
1494 1869 1580 1908 pro
1615 1855 1843 1895 ablatiuo:
1876 1853 1928 1894 de
1957 1865 2114 1893 manna

1239 1928 1497 1969 absconsum
1538 1927 1606 1979 38,
1649 1927 1694 1976 3,
1735 1927 1811 1972 39,
1845 1926 1887 1965 3.
1929 1924 2111 1964 multam

1237 2000 1453 2039 rationem
1496 1998 1589 2050 148,
1630 1998 1669 2038 3.
1713 1997 1919 2037 amictum
1953 1995 2111 2035 nubem

1237 2071 1307 2123 88,
1327 2070 1372 2123 3,
1392 2088 1445 2104 z:
1471 2069 1585 2110 nube
1613 2070 1687 2119 89,
1726 2070 1765 2109 7.
1799 2067 1951 2107 amicti
1976 2065 2111 2106 stolas

1239 2142 1359 2183 albas
1395 2142 1488 2194 [79,
1528 2140 1615 2194 15].
1684 2139 1835 2180 uestiri
1868 2136 2110 2178 inmortali-

1236 2217 1374 2255 tatem
1407 2213 1475 2261 30,
1509 2213 1556 2264 9,
1589 2212 1656 2259 31,
1692 2215 1722 2253 8

1181 2285 1467 2327 aecusatiuus
1479 2297 1561 2337 pro
1580 2284 1758 2325 datiuo:
1778 2280 1958 2322 student
1975 2280 2109 2333 scrip·

1238 2360 1359 2398 turas
1395 2356 1463 2409 32,
1496 2357 1521 2396 9

1180 2430 1312 2471 actio:
1345 2428 1513 2469 scilicet
1538 2426 1701 2467 domini
1727 2425 1794 2477 58,
1821 2425 1867 2476 3,
1901 2425 1974 2477 59,
2001 2425 2108 2466 3.-

1237 2514 1333 2541 cum
1366 2498 1603 2552 gratiarum
1638 2497 1810 2539 actione
1842 2495 1881 2547 5,
1918 2495 1967 2535 11

1180 2572 1315 2612 actrix
1364 2571 1439 2623 (cf.
1479 2569 1679 2620 auctrix>z
1729 2567 1931 2608 actricem
1971 2565 2110 2607 homi-

1237 2642 1446 2684 cidiorum
1483 2640 1577 2689 132,
1621 2639 1646 2679 8

1180 2714 1252 2756 ad:
1301 2713 1355 2755 ad
1393 2711 1770 2753 Tessalonicenses
1811 2709 1874 2750 ait
1912 2708 1980 2756 24,
2035 2706 2105 2757 15,

1238 2787 1311 2838 25,
1343 2785 1410 2825 13.
1443 2784 1506 2824 ait
1532 2782 1586 2823 ad
1610 2782 1707 2823 illos
1732 2781 1800 2834 22,
1829 2780 1902 2831 13,
1934 2779 2008 2829 23,
2038 2779 2107 2817 18.

1234 2858 1304 2909 42,
1347 2856 1419 2907 12,
1470 2855 1541 2904 43,
1580 2854 1641 2894 11.
1689 2852 1743 2893 ἃᾶ
1782 2849 2004 2905 apostolos
2046 2849 2108 2889 ait

1238 2930 1312 2977 85,
1351 2930 1390 2969 6.
1424 2925 1478 2967 ad
1511 2924 1732 2979 apostolos
1765 2923 1911 2964 dicens
1937 2920 2032 2967 154,
2067 2920 2105 2960 5.

1237 2998 1290 3039 ἃᾶ
1337 2997 1431 3038 Noe
1479 2995 1743 3049 praecipitur
1794 2995 1898 3041 149,
1955 2993 1997 3032 5.
2052 2989 2104 3030 ἃᾶ

1236 3068 1393 3110 Iudeos
1434 3066 1692 3108 exclamauit
1724 3066 1791 3113 26,
1827 3065 1900 3115 11,
1934 3065 2009 3111 27,
2048 3062 2106 3102 12

1179 3140 1231 3181 ad
1271 3159 1324 3175 =
1357 3138 1479 3194 πρὸς,
1521 3137 1574 3179 ad
1613 3149 1762 3177 omnes
1800 3136 1870 3183 42,
1915 3134 1987 3182 13,
2033 3133 2105 3184 43,

1238 3212 1306 3251 13.
1339 3210 1532 3251 futurum
1567 3210 1634 3249 est
1665 3207 1719 3248 ad
1752 3219 1824 3247 eos
1855 3205 1924 3256 86,
1960 3205 1979 3244 1

1177 3282 1231 3324 ad
1247 3301 1301 3318 =
1319 3280 1556 3322 secundum
1569 3294 1582 3319 .·
1603 3278 1657 3319 ἃᾶ
1675 3277 1835 3319 ueteris
1852 3276 2106 3317 testamenti

1232 3352 1533 3394 testimonium
1566 3351 1635 3398 54,
1678 3350 1730 3390 12
