2470 3718
327 111 428 159 102
928 109 1117 152 Editio
1152 110 1430 154 Victorini
1463 111 1524 153 XI
1555 113 1684 155 4-5.

320 284 483 333 paene
534 270 728 321 eisdem
781 271 955 323 uerbis
1003 273 1240 338 loquitur
1292 270 1513 343 [fuisse].
1572 276 1737 328 fuisse
1789 280 1963 328 autem
2015 294 2133 329 eum
2183 279 2232 328 in

321 373 479 424 regno
520 373 800 424 regnorum
842 361 894 409 et
933 360 1098 411 fuisse
1139 362 1273 412 inter
1315 361 1561 414 Caesares
1589 366 1640 415 et
1672 365 1869 417 Paulus
1905 368 2230 418 contestatus

325 449 421 495 est.
480 446 551 496 ait
607 446 741 497 enim
807 447 869 498 ad
925 449 1442 502 Thessalonicenses:
1505 453 1559 503 si
1616 454 1804 505 modo
1862 457 2063 517 tenet,
2122 455 2231 520 qui

322 533 619 595 uidetur,
664 535 867 586 donec
919 537 990 587 de
1041 538 1254 590 medio
1303 540 1614 591 tollatur.
1661 544 1722 592 et
1772 544 1927 593 tunc
1968 558 2230 608 appare-

322 623 438 685 bit.
477 624 672 675 cuius
717 627 819 675 est
861 625 1196 678 aduentus
1240 628 1609 679 secundum
1646 630 2035 681 efficaciam
2073 634 2229 682 sata·
2287 652 2305 682 ,τι

322 727 439 762 nae
490 713 709 778 signis
762 715 824 763 et
871 715 1263 766 mendaciis.
1308 720 1357 767 et
1406 719 1465 767 ut
1516 718 1711 769 scirent
1756 719 1909 770 illum
1954 735 2067 771 esse
2110 735 2230 770 uen-

321 802 514 864 turum,
556 798 665 869 [qui
705 804 831 852 tunc
874 806 981 853 erat
1021 802 1297 874 uenturus]
1343 805 1427 870 qui
1471 808 1596 856 tunc
1647 808 1756 857 erat
1795 807 2052 873 princepS‚
2096 808 2230 859 adie-

322 888 414 939 cit:
475 905 785 946 arcanum
844 891 1154 943 malitiae
1211 893 1335 943 iam
1393 894 1692 953 molitur.
1734 895 1787 946 id
1831 898 1930 957 est,
1971 896 2230 946 malitiam

321 992 476 1042 quam
524 979 760 1030 facturus
812 982 906 1031 est.
958 996 1139 1031 arcane
1190 982 1418 1046 molitur,
1469 983 1559 1033 sed
1607 999 1706 1034 non
1755 984 1953 1034 uirtute
2004 1001 2098 1035 sua
2138 1000 2230 1035 1166

321 1065 482 1129 patris
523 1065 658 1132 (sui)
701 1067 989 1118 suscitatur
1031 1068 1122 1119 sed
1165 1068 1245 1119 dei
1286 1070 1451 1121 iussu,
1487 1086 1643 1135 quare
1686 1087 1806 1137 ergo
1841 1071 2039 1123 Paulus
2077 1072 2228 1122 dixit:
2263 1094 2306 1126 io

320 1153 571 1204 idcirco
624 1155 930 1220 quoniam
981 1172 1101 1207 non
1147 1161 1475 1223 ceperunt
1517 1175 1800 1210 amorem
1846 1159 1965 1221 (161,
2008 1160 2231 1209 11111111

321 1241 466 1292 illis
511 1243 671 1294 deus
716 1244 1037 1309 spiritum
1089 1247 1361 1307 erroris,
1405 1249 1475 1297 ut
1518 1263 1740 1299 omnes
1784 1249 2227 1314 persuadean-

320 1333 427 1379 1111·
474 1332 838 1394 mendacio.
891 1333 1001 1398 qui
1057 1350 1178 1385 non
1240 1339 1395 1386 sunt
1449 1336 1768 1400 persuasi
1826 1352 1854 1386 a
1910 1338 2227 1388 ueritate.

323 1416 426 1488 [fol.
480 1419 584 1490 15V]
627 1421 811 1472 Esaias
856 1422 948 1472 ait:
995 1423 1507 1475 sustinentibus
1560 1425 1709 1476 illis
1766 1425 1982 1476 lucem
2042 1431 2226 1477 ortae

321 1511 475 1559 sunt
515 1510 852 1562 tenebrae.
2261 1536 2302 1568 15

245 1590 276 1640 5
393 1597 501 1648 Hos
543 1598 823 1664 prophetas
867 1598 928 1648 ab
972 1598 1154 1649 eodem
1193 1599 1417 1650 interfici
1455 1600 1758 1651 manifestat
1800 1601 2131 1667 apocalypsis
2177 1605 2227 1652 et

174 1693 238 1746 11,
273 1688 502 1750 squama
543 1686 623 1736 die
666 1702 954 1753 resurgere,
997 1703 1058 1737 ne
1101 1687 1218 1752 quis
1261 1687 1494 1753 aequalis
1540 1688 1634 1738 deo
1677 1689 1989 1741 inueniatur.
2033 1689 2225 1741 Sodo-

318 1790 477 1824 mam
521 1778 696 1825 autem
739 1777 800 1825 et
838 1775 1218 1842 Aegyptum
1260 1776 1362 1827 dici
1394 1776 1819 1843 Hierosolymam
1863 1780 2010 1829 actus
2043 1780 2225 1845 populi

316 1864 664 1929 persecutoris
700 1864 887 1914 effecit.
917 1865 1197 1931 diligenter
1230 1881 1350 1933 ergo
1387 1868 1438 1916 et
1473 1881 1591 1916 cum
1626 1882 1833 1917 summa
1869 1867 2224 1918 sollicitudine

465 2038 489 2079 3
525 2037 566 2078 11
607 2037 762 2079 Thess.
796 2037 835 2092 2,
871 2031 1006 2079 7¹³—9
1189 2039 1214 2080 8
1257 2039 1362 2081 ibid.
1405 2039 1444 2092 2,
1489 2040 1534 2080 7ἢ
1730 2040 1777 2081 11
1823 2040 1930 2082 ibid.
1974 2041 2014 2094 2,
2058 2040 2125 2082 lo.
2172 2041 2218 2081 11

320 2111 372 2151 14
404 2109 526 2152 Esai.
561 2112 631 2165 59,
666 2111 691 2152 9
787 2111 839 2153 17
876 2111 932 2154 cf.
963 2112 1100 2167 Apoc.
1139 2113 1205 2166 11,
1244 2113 1291 2154 11

379 2215 397 2255 1
435 2213 573 2256 fuisse
606 2217 719 2269 (pr.)
753 2216 884 2258 uncis
916 2216 1085 2258 inclusi
1178 2217 1202 2257 5
1237 2215 1456 2258 secundus
1483 2217 1526 2258 A
1611 2217 1637 2258 6
1672 2217 1805 2259 sciret
1831 2218 1873 2258 A
1961 2219 1982 2259 7
2019 2217 2093 2272 qui
2118 2221 2223 2259 tunc

317 2292 413 2329 erat
444 2291 660 2330 uenturus
693 2290 824 2331 uncis
855 2290 1024 2332 inclusi
1159 2290 1187 2332 8
1219 2290 1436 2332 malitiam
1469 2291 1643 2345 scripsi,
1676 2290 1852 2333 malicie
1888 2291 1931 2332 A
2068 2291 2123 2333 lo
2155 2291 2223 2332 sui

315 2374 398 2402 om.
433 2362 476 2404 A
630 2363 682 2403 12
716 2362 1016 2417 persuadeant
1048 2363 1091 2405 A
1246 2364 1297 2406 17
1334 2363 1415 2406 deo
1450 2364 1507 2418 A,
1542 2363 1721 2406 domino
1757 2378 1786 2405 a
1955 2363 2147 2407 Sodoma
2179 2364 2223 2405 A

319 2435 371 2476 19
407 2438 714 2488 persecutores
746 2436 789 2477 A
