2470 3718
773 206 1229 259 prolegomena
1269 206 1462 246 13—11.
1840 195 2034 243 XXVII

180 382 227 428 et
261 394 439 444 genere
472 377 713 441 loquendi
755 381 805 428 et
835 378 945 442 ipso
979 380 1279 444 argumento
1321 379 1690 443 sententiisque
1731 378 2034 428 chiliasticis

180 465 570 514 demonstratur.
620 463 706 528 qui
751 466 1002 514 tractatus
1052 479 1150 528 quo
1198 464 1247 513 in
1296 466 1532 514 contextu
1580 465 1697 514 olim
1746 465 1911 514 lectus
1952 464 2035 525 sit,

176 550 426 599 incertum
459 552 558 608 est;
593 565 752 614 neque
786 550 920 599 enim
953 549 1231 600 uerisimile
1264 551 1343 599 est
1375 566 1487 600 eum
1523 550 1841 601 sermonibus
1868 565 2034 600 coram

178 635 365 700 populo
405 635 595 685 habitis
636 634 1068 685 adnumerandum
1110 651 1239 695 3333,
1281 636 1367 700 qui
1394 651 1520 686 uoce
1545 638 1858 686 tractatuum
1885 636 2037 700 signi-

181 720 316 770 ficari
357 720 604 771 solebant.

254 808 325 856 De
358 806 662 870 proprietate
697 806 951 857 doctrinae
985 806 1234 857 Victorini
1259 807 1355 858 hoc
1386 806 1497 858 loco
1533 808 1754 873 amplius
1788 808 2038 873 disputari

179 908 272 941 non
309 895 501 956 potest;
538 908 651 942 eum
685 892 973 942 chiliastam
1006 892 1169 943 fuisse
1200 893 1300 942 iam
1343 894 1548 957 saepius
1583 893 2037 943 animaduertimus

179 993 396 1042 eumque
416 978 611 1027 nullum
635 978 903 1028 discrimen
929 978 1173 1029 statuisse
1190 977 1595 1029 interChristum
1613 979 2035 1043 praeexistentem

179 1066 230 1112 et
267 1064 503 1128 spiritum
538 1066 772 1114 sanctum
811 1080 867 1114 ex
905 1064 1035 1115 locis
1075 1082 1120 1129 p.
1156 1065 1255 1113 166
1298 1065 1607 1114 enumeratis
1646 1064 1916 1129 perspicue
1957 1081 2039 1128 ap-

180 1152 334 1213 paret.
383 1149 632 1199 accedunt
671 1150 784 1211 alia,
834 1165 960 1214 quae
999 1150 1311 1216 theologiam
1353 1150 1462 1200 eius
1504 1154 1616 1200 ante
1655 1154 1886 1214 tempora
1926 1165 2040 1200 con-

183 1235 287 1284 cilii
326 1235 538 1285 Nicaeni
578 1237 738 1285 ortam
780 1251 891 1285 esse
933 1236 1296 1286 demonstrant.
1335 1237 1384 1286 in
1427 1236 1629 1287 decreto
1673 1236 1942 1287 Gelasiano
1982 1241 2041 1289 de

180 1325 327 1373 libris
360 1326 662 1390 recipiendis
700 1330 744 1374 et
776 1342 874 1375 uou
906 1326 1212 1391 recipiendis
1245 1322 1492 1387 opuscula
1517 1322 1767 1372 Victorini
1801 1322 2039 1372 Petauio-

181 1406 350 1456 nensis
406 1407 692 1471 apocrypha
740 1407 993 1457 declarata
1034 1423 1147 1458 esse
1193 1408 1378 1457 mirum
1420 1424 1515 1459 non
1563 1408 1783 1470 uidetur,
1837 1409 1879 1457 si
1932 1409 2040 1457 tota

179 1492 374 1541 indoles
414 1492 568 1543 liuius
608 1493 790 1543 indicis
825 1494 1024 1544 confusi
1062 1494 1352 1560 respicitur,
1390 1494 1438 1543 in
1483 1509 1584 1558 quo
1618 1496 1668 1543 et
1699 1493 2037 1558 receptionem

182 1579 541 1641 opusculorum
576 1579 714 1629 beati
746 1579 954 1630 Caecilii
987 1580 1222 1644 Cypriani
1254 1581 1489 1645 martyris
1524 1583 1574 1630 et
1607 1579 2041 1645 Carthaginiensis

183 1665 409 1729 episcopi
449 1668 499 1715 et
537 1667 944 1729 reprobationem
983 1667 1347 1731 opusculorum
1389 1667 1593 1716 Thascii
1627 1665 1866 1731 Cypriani
1903 1666 2042 1715 iuxta

183 1751 376 1814 positas
419 1767 532 1801 esse
572 1751 808 1802 uidemus
849 1751 934 1819 (cf.
961 1769 1000 1802 v.
1029 1753 1342 1812 Dobscliiit2‚
1390 1756 1662 1806 Decretum
1707 1757 2040 1806 Gelasimum

183 1837 414 1902 [Leipzig
457 1839 614 1902 1912]
655 1855 699 1903 p.
729 1840 792 1888 13
827 1855 875 1888 u,
909 1840 1029 1900 323,
1070 1856 1116 1903 p.
1143 1840 1171 1888 8
1213 1855 1262 1888 u,
1293 1839 1392 1888 179
1434 1855 1527 1902 sq„
1568 1857 1614 1904 p.
1642 1841 1706 1888 12
1748 1855 1794 1888 u.
1821 1838 1968 1905 319).

257 1952 452 2013 Restat,
500 1956 558 2002 ut
603 1954 696 2003 hos
745 1959 976 2003 auctores
1024 1954 1296 2015 nominem,
1346 1954 1431 2017 qui
1477 1969 1638 2020 nuper
1684 1954 1743 2004 de
1794 1952 2043 2003 Victorini

182 2037 326 2087 libris
366 2039 654 2089 accuratius
695 2039 1108 2105 disputauerunt:

260 2138 313 2205 1)
370 2137 489 2189 Otto
544 2139 899 2190 Bardenhe
920 2157 960 2189 w
981 2156 1061 2201 er,
1131 2145 1304 2194 (lescle.
1353 2145 1443 2193 cler
1491 2145 1751 2194 altkirchl.
1785 2145 1907 2207 Lu„
1956 2139 2044 2189 11²³

183 2222 457 2290 (Freiburg
499 2225 660 2293 1914)
700 2242 746 2291 p.
776 2227 1084 2285 657—663;

259 2327 314 2390 2)
353 2326 512 2376 Adolf
552 2327 883 2388 Ham-nack,
939 2332 1113 2381 Gesch.
1141 2331 1231 2380 der
1268 2332 1448 2380 auclar.
1475 2331 1602 2380 Litt.
1651 2327 1699 2376 ΙΙ
1741 2329 1770 2375 2
1812 2326 2046 2393 (Leipzig

189 2411 350 2467 1904]
391 2428 436 2475 p.
460 2413 766 2472 426-—432;

260 2510 313 2578 3)
353 2513 601 2562 Iohannes
642 2513 1025 2564 Haussleit
1051 2529 1132 2573 er,
1188 2518 1483 2567 Victorinus
1520 2534 1614 2566 von
1652 2516 1837 2566 Pettcau
1869 2510 2046 2579 (Reat-

184 2602 378 2669 eucylcl.
404 2603 511 2667 fu'r
541 2607 751 2669 protest.
796 2604 962 2653 leeol.
1004 2599 1136 2649 XX3
1176 2597 1404 2667 [Leipzig
1446 2596 1599 2667 1908]
1641 2615 1687 2663 p.
1714 2598 2040 2662 614—619).

1068 2843 1162 2904 II.

599 2970 932 3035 Tractatus
982 2970 1058 3035 de
1106 2970 1357 3035 fabrica
1402 2969 1645 3035 mundi.

261 3128 410 3179 Hunc
450 3131 740 3191 tractatum,
789 3130 934 3180 cuius
975 3146 1122 3180 nemo
1164 3129 1512 3195 superioribus
1552 3127 1870 3194 temporibus
1909 3143 2046 3178 men-

189 3213 379 3264 tionem
426 3214 632 3275 fecerat,
680 3215 875 3280 primus
925 3215 1064 3267 Guil.
1113 3215 1286 3267 Cave
1331 3216 1381 3265 in
1426 3215 1556 3265 libro
1605 3219 1929 3284 Scriptorum
1973 3234 2048 3267 ec-

191 3304 302 3353 cles,
327 3304 542 3354 historia
587 3306 824 3356 literaria
877 3300 1115 3368 (Londini
1157 3300 1319 3368 1688)
1365 3318 1414 3366 p.
1452 3301 1733 3351 102—104
1774 3314 1830 3349 ex
1871 3299 2046 3350 codice

191 3387 538 3438 Lambethano
580 3388 739 3438 edidit
779 3392 828 3438 et
865 3388 1125 3439 Victorino
1157 3387 1524 3438 Petauionensi
1562 3385 1866 3447 uindicauit,
1901 3384 2046 3436 libel-
