2470 3718
319 226 491 277 XXVI
964 238 1440 293 Prolegomena
1482 237 1575 280 13.

318 401 599 453 Marcionis
631 401 891 452 haeresim
917 401 1199 452 refutatam
1227 416 1341 452 esse
1368 416 1425 450 ex
1451 400 1653 453 duabus
1681 401 1854 452 causis
1881 401 2230 467 suspicamur.

316 492 430 541 tota
493 490 630 541 enim
694 489 949 555 expositio
1008 488 1337 556 apocalypsis
1402 489 1678 556 impugnat
1741 488 2074 552 ehaereticos,
2138 490 2228 556 qui

317 578 620 630 testimonio
675 578 982 644 prophetico
1040 594 1140 630 non
1193 580 1437 629 utuntur³
1496 575 1587 646 (cf.
1622 595 1667 645 p.
1702 579 1788 640 54,
1832 576 1941 646 21),
2005 593 2226 643 quorum

316 666 526 718 nomina
563 682 663 718 non
705 666 1063 727 nominantur,
1106 681 1330 732 quorum
1373 666 1633 718 sententia
1679 681 1927 733 peruersa
1966 681 2227 731 nusquam

316 771 416 807 non
461 753 736 806 refellitur.
777 754 905 806 haec
948 756 1122 805 autem
1174 757 1284 805 erat
1322 756 1447 806 nota
1483 754 1716 807 haeresis
1752 753 2052 806 Marcionis
2124 754 2227 804 huc

316 843 536 908 accedit,
609 843 748 909 quod
820 842 1046 908 Optatus
1116 843 1252 894 inter
1323 843 1614 895 haereticos
1684 843 1978 910 principem
2048 842 2226 895 locum

315 932 587 993 Marcioni,
658 932 794 983 inter
856 932 1237 983 haereticorum
1301 932 1693 999 impugnatores
1758 932 1989 999 primum
2050 931 2226 982 locum

315 1020 583 1072 Victorino
649 1020 909 1083 attribuit,
961 1020 1051 1087 qui
1115 1035 1435 1086 quamquam
1499 1023 1672 1072 aetate
1722 1022 1774 1072 et
1821 1019 2111 1087 Zephyrino
2177 1022 2228 1071 et

315 1106 637 1161 Tertulliano
686 1109 1082 1175 postponendus
1132 1111 1257 1173 erat,
1315 1111 1489 1160 tamen
1547 1110 1619 1162 eis
1675 1110 1982 1175 praefertur,
2033 1108 2226 1176 quippe

317 1197 413 1248 cui·
452 1197 504 1248 in
553 1197 837 1249 certamine
887 1197 1143 1249 aduersus
1192 1197 1514 1249 Marcionem
1554 1198 1729 1264 palma
1770 1198 2036 1250 debeatur.
2094 1214 2226 1264 quae

314 1300 431 1336 cum
475 1286 551 1337 ita
590 1287 711 1350 sint,
754 1286 1107 1339 contradicere
1151 1302 1308 1354 cogor
1349 1288 1636 1339 sententiae
1680 1303 1876 1351 eorum,
1920 1287 2008 1354 qui
2041 1287 2225 1339 incerti

315 1374 585 1440 scriptoris
624 1374 868 1426 libellum
918 1375 1172 1427 aduersus
1216 1391 1394 1428 omnes
1439 1375 1679 1428 haereses
1721 1376 2043 1427 Tertulliano
2091 1376 2227 1429 falso

314 1461 638 1530 adscriptum
656 1462 851 1533 (CSEL
879 1464 965 1526 47,
993 1462 1310 1532 213-226)
1337 1480 1467 1530 opus
1488 1464 1743 1517 Victorini
1770 1481 1886 1516 esse
1905 1465 2228 1516 contendunt

313 1550 403 1619 (cf.
436 1553 695 1614 Harnack,
745 1557 925 1608 Gesclz.
960 1559 1053 1609 der
1106 1558 1292 1609 altchr.
1326 1558 1457 1608 Lz'tt.
1498 1554 1550 1605 Π
1582 1555 1614 1605 2
1648 1570 1698 1620 p.
1727 1552 2061 1622 430—432').
2104 1569 2222 1604 nam

312 1641 472 1693 huius
505 1642 675 1693 libelli
709 1646 889 1694 auctor
922 1643 1205 1694 Marcionis
1241 1646 1347 1693 tam
1381 1642 1619 1710 ignarum
1658 1658 1712 1694 se
1748 1642 1975 1704 exhibet,
2008 1644 2069 1693 ut
2102 1641 2225 1692 noui

313 1730 618 1782 testamenti
672 1732 1076 1794 truncat-ionem,
1134 1747 1264 1796 quae
1315 1731 1378 1782 ad
1434 1731 1751 1783 Marcionem
1801 1730 2073 1782 referenda
2128 1733 2225 1793 est,

314 1816 535 1870 Cerdoni
575 1820 771 1886 potiUS,
829 1820 1112 1871 Marcionis
1161 1819 1434 1888 magistr0‚
1477 1819 1750 1888 adsignare
1791 1819 2039 1871 maluerit
2077 1816 2224 1888 (Cer-

311 1910 413 1961 don
459 1947 469 1958 .
505 1948 514 1958 -
553 1951 562 1960 .
613 1914 781 1963 solum
836 1913 1166 1980 euarzyeliu‘nz
1221 1913 1397 1964 Lucae
1451 1930 1540 1964 nec
1595 1917 1766 1964 tamen
1811 1917 1975 1963 totum
2018 1913 2221 1979 recipit.

311 2001 534 2067 apostoli
579 1995 744 2052 Pauli
792 2018 951 2070 neque
991 2019 1164 2052 omnes
1216 2019 1376 2069 neque
1423 2006 1556 2053 totas
1595 2003 1840 2070 epistolas
1887 2002 2064 2052 sumit.
2106 2005 2223 2052 acta

310 2090 661 2155 apostolorum
703 2094 750 2140 et
804 2091 1164 2157 apocalypsim
1219 2091 1372 2158 quasi
1407 2090 1567 2156 falsa
1621 2091 1786 2154 reicit,
1830 2086 1894 2137 cf.
1924 2084 2092 2137 CSEL
2134 2085 2222 2146 47,

310 2173 417 2224 222
453 2173 572 2242 ες.)
629 2176 899 2240 praeterea
954 2174 1086 2226 ratio
1145 2175 1401 2226 sermonis
1452 2191 1481 2225 a
1520 2174 1778 2226 Victorini
1828 2174 1949 2226 stilo
2006 2190 2221 2239 prorsus

312 2260 489 2313 distat.
552 2263 603 2313 in
655 2263 1026 2314 commentario
1075 2262 1126 2314 in
1177 2263 1534 2330 apocalypsim
1584 2280 1612 2315 a
1651 2263 1921 2316 Victorino
1972 2262 2222 2315 haeretici

314 2349 650 2403 ‘Valentinus
701 2353 753 2402 et
810 2350 1091 2404 Cerinthus
1143 2355 1193 2403 et
1249 2352 1414 2404 Ebion
1457 2355 1509 2404 et
1556 2355 1729 2404 cetera
1784 2353 1928 2404 scola
1983 2353 2219 2404 satanae’

309 2436 384 2505 (p.
412 2439 496 2503 96,
540 2438 594 2508 1)
657 2440 1010 2505 nominantur,
1073 2440 1202 2491 item
1263 2441 1559 2492 Nicolaitae
1623 2456 1908 2506 eorumque
1972 2440 2223 2508 magister

310 2525 562 2579 Nicolaus
588 2526 660 2595 (p.
682 2530 770 2592 34,
792 2527 902 2597 11),
933 2545 1062 2596 quos
1090 2545 1270 2581 omnes
1299 2530 1458 2581 etiam
1482 2530 1537 2580 in
1563 2529 1697 2581 libro
1725 2529 2004 2580 aduersum
2041 2543 2220 2580 omnes

310 2615 553 2667 haereses
595 2617 887 2684 exagitatos
931 2633 1046 2670 esse
1087 2618 1376 2670 uerisimile
1419 2621 1517 2670 est.

387 2763 480 2833 12)
530 2763 905 2817 Victorini
959 2767 1210 2818 emulta
1260 2766 1429 2818 alia’
1487 2782 1714 2833 opera.

386 2879 537 2945 Quod
561 2883 916 2950 Hieronymus
943 2884 1005 2936 de
1030 2884 1126 2935 uir.
1149 2885 1237 2937 inl.
1259 2886 1327 2937 74
1361 2885 1516 2936 etiam
1555 2885 1741 2936 ‘multa
1767 2884 1886 2936 alia’
1924 2900 2078 2950 opera
2103 2885 2220 2936 Vic-

308 2971 464 3022 torini
498 2973 829 3038 memorauit,
863 2973 1146 3037 nescimus,
1180 2989 1311 3039 quos
1345 2974 1507 3025 libros
1539 2973 1879 3035 intellexerit,
1914 2990 2032 3025 nam
2067 2989 2219 3040 saepe

308 3059 359 3110 in
401 3059 493 3111 illo
526 3059 676 3124 libro,
715 3063 776 3112 ut
811 3061 1006 3113 celaret
1035 3061 1168 3112 nihil
1201 3061 1345 3113 aliud
1381 3062 1483 3113 sibi
1516 3066 1698 3114 notum
1743 3077 1875 3124 esse,
1917 3061 2222 3114 huiusmodi

308 3147 629 3199 uocabulum
681 3148 884 3201 addidit
934 3154 995 3201 ut
1041 3156 1210 3206 multa
1261 3149 1328 3218 (c.
1355 3150 1466 3220 93),
1522 3160 1568 3205 et
1615 3156 1869 3206 nonnulla
1917 3149 1985 3219 (c.
2013 3149 2124 3220 84),
2174 3161 2221 3206 et

310 3241 565 3292 nonnulla
604 3242 715 3293 alia
756 3236 825 3306 (c,
855 3239 923 3290 89
966 3241 1017 3290 et
1062 3238 1207 3309 102),
1248 3248 1296 3294 et
1325 3245 1494 3295 multa
1526 3245 1638 3295 alia
1678 3238 1749 3307 (ο.
1775 3241 1862 3303 94,
1909 3241 2027 3304 114,
2070 3239 2217 3309 119),

307 3333 355 3379 et
388 3329 553 3380 multa
584 3331 712 3394 alia,
755 3348 886 3399 quae
916 3348 1221 3383 enumerare
1261 3333 1471 3400 lonyum
1502 3337 1576 3383 est
1615 3326 1681 3396 (c.
1710 3327 1818 3398 87).
1859 3328 2008 3380 nobis
2042 3331 2217 3380 autem

308 3428 492 3465 reuera
540 3414 635 3466 sub
694 3414 953 3467 Victorini
1000 3417 1209 3468 nomine
1263 3417 1490 3468 traditus
1548 3421 1629 3469 est
1686 3419 2041 3469 ‘tractatu
2061 3434 2084 3469 s
2142 3418 2172 3468 d
2192 3435 2217 3470 e

309 3499 421 3553 fab
440 3501 587 3554 rica
626 3519 679 3553 m
699 3519 729 3554 u
750 3519 779 3554 n
802 3504 915 3566 di',
959 3504 1107 3556 cuius
1136 3507 1400 3556 auctorem
1429 3508 1665 3557 nostrum
1701 3505 2028 3557 Victorinum
2053 3505 2217 3558 fuisse
