2470 3718
777 172 1233 225 Prolegomena
1270 170 1474 211 111133.
1887 159 2052 208 LXIII

290 328 567 382 quamobrem
605 329 716 369 hanc
757 328 1103 369 enuntiationem
1145 327 1371 367 ueritatem
1418 327 1671 380 sempiterni
1717 328 1841 381 regni
1889 327 2051 370 Christi

289 401 578 442 affirmantem
596 399 784 440 addidit:
818 413 925 440 snam
955 412 1133 452 renonum
1169 398 1338 439 Christi
1368 398 1486 450 quod
1506 412 1627 439 nunc
1658 404 1718 439 est
1748 400 2053 452 sempiternum

289 474 371 514 crit
407 473 452 512 in
492 472 673 519 sanctis,
714 485 808 512 cam
838 471 985 522 suerit
1026 471 1172 524 fioria
1212 474 1314 522 post
1360 471 1719 511 resurrectionem
1764 472 2053 524 manifestata

288 549 553 585 sanctorum.

282 644 336 713 3)
377 645 577 695 Summi
616 644 860 694 momenti
894 644 957 693 ad
988 644 1199 693 formam
1242 643 1586 693 commentarii
1621 643 1916 693 mutandam
1950 646 2055 694 erat

203 732 430 782 studium
480 730 702 781 auctoris
749 729 1056 780 recensionis
1103 731 1390 794 postremae
1430 731 1712 791 strenuum,
1753 730 1934 780 seriem
1976 746 2051 779 ex-

200 819 530 882 positionum,
587 833 713 881 quae
759 817 808 865 in
862 815 1110 866 Victorini
1166 816 1384 865 editione
1437 818 1487 864 et
1531 815 1579 865 in
1629 815 1928 880 Hieronymi
1979 831 2054 865 re-

202 903 436 953 censione
461 918 556 952 non
581 902 724 952 firmo
752 902 939 951 ordinis
968 901 1169 951 uinculo
1199 901 1468 966 colligatae
1495 904 1652 962 erant,
1679 901 1751 951 ita
1776 899 2053 962 ordinandi,

200 993 259 1040 ut
283 989 482 1054 singula
513 988 680 1053 capita
705 990 872 1038 textus
899 987 1219 1052 apocalypsis
1247 1002 1361 1036 cum
1388 987 1606 1053 singulis
1634 987 2054 1052 explicat-ionibus

202 1079 308 1125 arte
349 1076 673 1125 cohaererent
711 1076 861 1138 atque
909 1074 1122 1123 eundem
1164 1073 1391 1122 ordinem
1433 1076 1710 1123 seruarent.
1750 1074 1844 1123 hoc
1885 1073 2054 1123 studio

203 1163 386 1211 ductus
443 1161 683 1210 damnum
731 1175 931 1224 quoque
977 1159 1107 1208 illud
1156 1159 1499 1209 inueteratum
1546 1159 1773 1219 resarsit‚
1828 1159 1960 1222 quod
2006 1159 2054 1207 in

202 1249 473 1312 archetypo
506 1246 814 1296 recensionis
848 1246 1143 1310 Hieronymi
1175 1246 1498 1309 transpositis
1535 1245 1837 1309 quibusdam
1867 1245 2056 1295 codicis

199 1335 338 1384 foliis
371 1340 535 1383 ortum
571 1335 690 1382 erat.
730 1348 843 1382 nam
878 1348 976 1396 qua
1008 1332 1248 1382 utebatur
1278 1331 1473 1381 ratione
1505 1332 1554 1380 in
1589 1331 1760 1381 ordine
1793 1331 2055 1391 1i1·mand0‚

202 1437 298 1470 non
325 1419 494 1483 potuit
521 1419 580 1468 ab
600 1419 1017 1483 interpretatione
1045 1433 1150 1482 cap.
1174 1418 1221 1479 6,
1245 1418 1309 1467 14
1328 1415 1399 1484 (p.
1422 1418 1504 1476 79,
1528 1415 1579 1485 1)
1603 1417 1665 1466 ad
1690 1416 2056 1482 expositionem

204 1522 308 1569 cap.
338 1507 417 1566 11,
469 1506 491 1554 1
542 1504 758 1555 transire
808 1505 859 1553 et
902 1506 1042 1568 parte
1090 1519 1196 1567 cap.
1224 1504 1288 1552 12
1339 1503 1587 1567 explicata
1633 1501 1831 1567 regredi
1880 1502 1940 1551 ad
1987 1502 2058 1551 la—

203 1607 382 1641 cunam
431 1590 742 1655 explendam,
800 1606 927 1654 quae
975 1591 1035 1640 ad
1085 1590 1275 1639 omissa
1322 1590 1488 1653 capita
1537 1590 1708 1639 7-—10
1756 1588 2057 1653 pertinebat.

204 1693 299 1742 quo
347 1678 394 1727 in
445 1677 652 1742 negotio
709 1693 823 1726 eum
870 1692 967 1727 non
1022 1676 1206 1725 auxilio
1261 1676 1417 1725 ullius
1475 1675 1663 1725 codicis
1720 1674 1807 1724 sed
1857 1675 2059 1724 suomet

201 1764 390 1813 iudicio
443 1763 678 1812 adiutum
725 1778 837 1812 esse
889 1765 1069 1826 postea
1116 1761 1422 1812 uidebimus.
1479 1776 1610 1810 nunc
1666 1761 1846 1810 seriem
1892 1762 2055 1809 muta-

200 1849 396 1899 tionum
439 1849 675 1914 deinceps
717 1848 1153 1898 enumerabimus:

274 1947 324 2016 a)
366 1950 555 1999 Decem
580 1949 861 2014 particulae
888 1948 1236 1998 commentarii
1271 1963 1317 2011 p.
1343 1949 1426 2007 21,
1455 1948 1646 2009 6-27,
1673 1947 1755 2007 17,
1791 1961 1844 1996 ex
1873 1945 2056 2009 quibus

202 2038 302 2084 tres
350 2033 421 2094 IX,
469 2033 568 2097 ΠΧ,
615 2033 692 2084 VX
731 2035 790 2084 ab
840 2035 1149 2099 Hieronymo
1192 2034 1457 2083 adiunctae
1507 2036 1642 2093 sunt,
1689 2033 1738 2082 in
1778 2033 1944 2082 tribus
1985 2047 2057 2080 re-

203 2121 526 2170 censionibus
566 2121 700 2171 hunc
739 2121 928 2170 habent
968 2121 1216 2171 ordinem:

225 2247 316 2288 cap.
344 2235 388 2274 et
420 2246 532 2275 uers.
774 2248 874 2288 pag.
910 2233 1013 2275 edit.

232 2291 505 2345 apocalypsis
809 2294 984 2332 nostrae
1312 2262 1347 2302 S
1627 2261 1663 2300 Φ
1960 2260 1999 2299 Y

292 2378 328 2429 1,
366 2377 458 2418 13b
723 2378 791 2426 23,
856 2377 965 2418 1-3
1247 2393 1260 2471 Ι
1330 2377 1348 2416 1
1563 2393 1576 2471 1
1647 2375 1666 2415 1
1895 2390 1909 2469 Ι
1945 2373 2005 2413 IV

291 2449 327 2501 1,
363 2449 414 2489 13
441 2462 461 2489 c
722 2449 790 2502 23,
851 2449 963 2488 4-6
1241 2473 1245 2477 -
1327 2449 1352 2487 2
1644 2445 1669 2486 2
1888 2470 1893 2475 ‹
1938 2444 2006 2485 VX

291 2521 328 2570 1,
364 2520 414 2562 13
440 2533 459 2560 c
723 2521 790 2573 23,
854 2520 964 2561 7-8
1246 2478 1265 2558 l
1328 2519 1352 2560 3
1557 2472 1583 2557 l
1645 2517 1669 2557 3
1894 2476 1913 2556 l
1947 2515 2006 2556 VI

294 2593 329 2644 1,
366 2592 460 2632 14a
720 2592 788 2643 21,
850 2591 990 2632 6-10
1323 2591 1350 2631 4
1562 2608 1573 2685 1
1642 2590 1668 2629 4
1945 2588 1996 2628 IX

291 2665 328 2715 1,
362 2663 458 2704 14b
721 2663 789 2715 21,
825 2662 991 2703 11-12
1325 2663 1348 2702 5
1643 2660 1667 2700 5
1887 2685 1890 2688 -
1937 2657 2013 2699 ΠΧ

291 2736 328 2788 1,
364 2736 413 2775 16
438 2748 458 2774 c
720 2735 788 2783 21,
824 2734 991 2775 13-18
1239 2606 1265 2774 ί
1325 2735 1349 2775 6
1555 2687 1580 2772 l
1643 2732 1666 2772 6
1893 2690 1911 2769 I
1943 2730 2010 2770 111

294 2811 329 2855 1,
365 2807 460 2847 1522
713 2806 788 2858 27,
849 2806 961 2846 2-8
1325 2806 1347 2845 7
1642 2803 1666 2843 9
1943 2801 2003 2841 IX

292 2879 328 2930 1,
364 2878 457 2918 161)
720 2877 787 2927 23,
850 2876 1003 2924 9-25,
1040 2876 1090 2917 16
1325 2877 1350 2918 8
1642 2874 1666 2914 8
1931 2873 2012 2913 VII

292 2951 328 3001 1,
365 2949 457 2989 151>
719 2949 789 2999 25,
825 2949 1004 2998 17-27,
1040 2948 1059 2987 1
1325 2948 1349 2988 9
1643 2946 1666 2986 7
1915 2943 2021 2985 VIII

292 3023 330 3072 1,
365 3021 415 3061 16
437 3035 459 3060 a
721 3019 789 3071 27,
851 3021 989 3061 9-17
1298 3019 1349 3059 10
1615 3017 1667 3058 10
1950 3015 1987 3056 X

276 3151 501 3200 Dubium
542 3165 637 3200 non
680 3154 771 3213 est,
819 3151 934 3214 quin
977 3154 1031 3217 S,
1081 3149 1215 3214 quod
1254 3149 1354 3198 iam
1399 3151 1444 3198 Φ
1487 3148 1737 3212 coeperat,
1787 3145 2050 3211 perrexerit

207 3237 356 3300 atque
405 3236 633 3287 ordinem
678 3239 847 3286 textus
896 3235 1214 3301 apocalypsis
1262 3249 1463 3284 seruare
1512 3233 1749 3283 uoluerit.
1797 3247 1912 3281 nam
1961 3229 2055 3280 etsi

207 3322 570 3387 expositionem
605 3337 707 3386 cap.
737 3323 782 3382 1,
821 3322 883 3371 16
905 3337 929 3371 c
963 3320 1030 3386 (p.
1057 3322 1143 3381 21,
1187 3318 1419 3385 13-Ῑΐ8)
1450 3334 1546 3369 non
1581 3317 1783 3367 diremit
1814 3317 1874 3366 ab
1907 3314 2055 3365 inter-
