2470 3718
787 247 1378 300 ProlegomenaIS.
1873 235 2013 284 XXV

166 412 343 475 spicua
381 415 478 459 est:
552 409 611 458 de
649 426 743 475 quo
782 409 910 458 libro
949 413 993 457 et
1032 408 1329 458 Victorinus
1358 426 1505 474 saepe
1543 410 1709 459 dictus
1755 412 2017 475 episcopus

165 495 488 560 difficillima
535 495 782 562 quaedam
836 495 942 544 loca
988 494 1208 544 breuiter
1246 496 1490 544 tractauit
1542 490 1704 556 (LXX
1746 493 1884 541 1122
1926 491 2016 559 M).

164 578 288 627 haec
306 578 367 627 ad
385 576 731 626 recensionem
749 576 999 641 pertinere
1019 575 1270 637 uidentur,
1293 592 1386 639 qua
1406 576 1748 640 Hieronymus
1767 575 2015 627 Victorini

167 664 586 713 commentarium
626 662 1024 712 transformauit.
1083 678 1198 711 nam
1237 678 1358 712 num
1399 662 1741 727 Hieronymus
1789 662 1842 712 id
1881 664 2013 726 quod

163 749 373 812 insuper
409 747 646 798 Anatolio
688 747 1002 812 promiserat,
1044 748 1326 812 ‘ingenium
1361 763 1510 797 suum
1544 748 1593 797 in
1627 749 1721 798 hoe
1755 749 2017 798 uolumine

164 833 493 899 potissimum
527 832 829 883 sudaturum
858 835 986 883 esse'
1016 831 1102 898 (cf.
1131 849 1177 897 p.
1210 834 1289 890 15,
1325 834 1357 881 4
1391 832 1506 899 sq),
1532 836 1713 896 postea
1745 836 2015 884 exsecutus

166 920 248 979 sit,
297 919 461 969 adhuc
507 919 755 968 incertum
804 922 898 969 est.
940 921 1134 969 certum
1181 923 1352 969 autem
1407 922 1484 969 est
1532 922 1775 983 quattuor
1827 921 2015 969 formas

165 1005 516 1055 commentarii
575 1003 825 1054 Victorini
885 1004 1036 1054 hodie
1091 1005 1309 1054 discerni
1362 1019 1528 1069 posse,
1578 1019 1704 1068 quae
1746 1020 1919 1054 omnes
1966 1005 2016 1054 in

164 1092 259 1140 hoc
297 1091 427 1140 libro
467 1090 756 1156 legentibus
796 1091 1113 1154 praebentur,
1156 1092 1307 1153 atque
1347 1090 1509 1154 primo
1550 1090 1662 1140 loco

237 1176 293 1243 a)
334 1176 558 1226 editio
606 1175 987 1236 Victorini,
1039 1192 1167 1239 quae
1216 1178 1379 1226 exstat
1423 1177 1474 1225 in
1522 1175 1743 1241 plagulis
1792 1176 2015 1226 numeris

163 1263 370 1327 paribus
433 1262 712 1327 designatis
769 1278 795 1311 a
849 1278 895 1311 n.
934 1262 998 1311 16
1046 1277 1209 1324 usque
1272 1261 1335 1311 ad
1388 1278 1433 1310 n.
1468 1262 1569 1310 154
1624 1260 1842 1327 (excepti
1898 1264 2018 1311 sunt

164 1367 206 1399 n.
243 1351 307 1399 78
350 1352 399 1399 et
441 1351 558 1410 124,
602 1349 786 1413 quibus
843 1349 942 1398 alia
982 1347 1298 1415 offeruntur),

233 1434 293 1502 β)
346 1436 669 1485 recensio
709 1434 1120 1500 Hieronymi
1160 1433 1252 1501 (z
1285 1433 1386 1501 Y),
1430 1450 1557 1497 quae
1590 1434 1639 1483 in
1674 1433 1897 1498 plagulis
1929 1449 2017 1482 nu-

163 1523 315 1572 meris
361 1521 643 1587 imparibus
699 1522 889 1571 notatis
937 1537 964 1570 a
1003 1537 1048 1571 n.
1085 1523 1145 1570 17
1203 1536 1367 1585 usque
1422 1520 1484 1570 ad
1532 1537 1577 1570 n.
1613 1521 1712 1569 153
1769 1518 2017 1586 (exceptis

164 1623 210 1659 n.
241 1607 340 1657 125
375 1610 426 1657 et
465 1608 566 1657 127
600 1607 684 1656 lin.
713 1606 910 1674 1—10)
950 1594 1240 1671 inuenitur,
1267 1606 1459 1656 ibidem
1501 1606 1766 1656 exhibetur

235 1692 287 1760 y)
325 1693 651 1742 recensio
692 1693 1059 1757 posterior
1095 1695 1294 1742 textu
1336 1691 1798 1757 apocalypsis
1840 1690 2019 1741 aliis-

166 1794 292 1842 que
362 1779 877 1829 additamentis
949 1782 1156 1829 aucta
1222 1778 1314 1845 (τε
1366 1777 1469 1845 Φ);
1548 1794 1675 1842 quae
1754 1777 1906 1828 huius
1970 1785 2020 1826 et

162 1867 451 1927 postremae
475 1864 783 1914 recensionis
809 1865 1010 1929 propria
1035 1869 1154 1914 sunt
1178 1863 1265 1932 (Ξ
1289 1865 1394 1928 X),
1435 1864 1580 1914 uncis
1615 1864 1872 1929 angulatis
1898 1863 1946 1929 <[
1971 1861 2020 1931 ])

162 1951 359 2000 inclusa
406 1953 527 1999 sunt
573 1952 725 2014 atque
766 1950 933 2014 quoad
972 1954 1167 2000 textum
1208 1950 1528 2014 apocalypsis
1569 1950 1756 2000 litteris
1798 1949 2018 1999 cursiuis

163 2036 411 2100 impressa
450 2037 572 2098 (huc
610 2035 831 2100 pertinet
870 2036 1022 2086 etiam
1064 2052 1174 2101 pag.
1205 2036 1354 2102 124);

236 2120 293 2187 ὁ)
364 2122 688 2171 recensio
772 2124 1128 2186 postrema
1206 2138 1276 2171 ex
1352 2121 1721 2185 prioribus
1807 2122 2017 2171 mixta

163 2204 255 2272 (Ξ
293 2206 373 2274 S),
427 2222 555 2271 quae
618 2223 717 2271 qua
777 2208 968 2258 ratione
1032 2223 1059 2256 a
1115 2207 1406 2258 recensione
1469 2207 1748 2271 posteriore
1804 2207 2019 2270 differat,

162 2295 344 2358 postea
382 2293 669 2343 accuratius
709 2293 1024 2353 uidebimus;
1067 2293 1129 2342 ad
1160 2294 1291 2344 hanc
1323 2294 1671 2344 recensionem
1711 2293 1872 2342 solam
1912 2303 2020 2357 per-

162 2379 329 2428 tinent
366 2394 439 2440 ea,
474 2395 602 2443 quae
640 2379 689 2428 in
729 2379 952 2445 plagulis
991 2379 1272 2444 imparibus
1307 2381 1579 2429 occurrunt
1609 2378 1754 2429 uncis
1787 2378 2018 2430 rotundis

164 2463 213 2529 ((
250 2463 299 2531 ))
351 2465 562 2515 inclusa.
620 2466 721 2514 iam
774 2466 870 2515 hoc
909 2466 1020 2515 loco
1069 2468 1242 2515 notare
1282 2465 1411 2515 libet
1448 2480 1536 2530 pro
1577 2465 1723 2515 uncis
1764 2464 2018 2530 angulatis

163 2566 209 2613 p.
242 2551 360 2610 125,
404 2551 428 2598 1
473 2553 525 2599 et
558 2552 676 2611 127,
720 2552 784 2600 10
827 2565 984 2600 uncos
1024 2550 1269 2600 rotundos
1310 2551 1568 2614 ponendos
1611 2565 1736 2601 esse.

238 2693 327 2758 11)
366 2692 728 2744 Victorini
767 2694 953 2745 liber
992 2694 1365 2744 aduersum
1406 2709 1632 2744 omnes
1673 2694 2018 2743 haereses,

236 2808 404 2857 Testis
450 2808 605 2858 huius
651 2808 768 2859 libri
822 2811 1022 2874 praeter
1067 2809 1436 2873 Hieronymum
1485 2811 1564 2859 est
1611 2807 1834 2872 Optatus
1882 2808 2017 2867 Afer,

164 2894 435 2958 episcopus
489 2894 841 2955 Mileuitanus‚
894 2895 946 2944 in
1000 2895 1163 2959 primo
1218 2894 1347 2945 libro
1403 2897 1580 2945 contra
1624 2894 2017 2943 Parmenianum

162 2978 509 3029 Donatistam:
548 2983 800 3048 Marcion,
845 2985 1088 3048 Praxeas,
1131 2984 1399 3047 Sabellius‚
1442 2984 1749 3034 Valentinus
1788 2988 1833 3033 et
1871 2985 2019 3032 ceteri

162 3083 318 3133 usque
347 3070 417 3118 aul
451 3069 806 3138 Cataphryyas
838 3073 1144 3137 temporibus
1175 3073 1285 3121 suis
1315 3090 1346 3120 a
1379 3071 1640 3120 Victorino
1656 3070 2019 3119 Petauionensi

163 3156 208 3200 et
245 3153 538 3219 Zephyrino
585 3156 765 3207 Urbieo
796 3162 842 3206 et
872 3175 904 3207 a
945 3157 1264 3207 Tertulliano
1300 3156 1696 3223 Carthayinensi
1726 3159 1773 3204 et
1803 3155 1865 3203 ab
1896 3155 2019 3203 aliis

162 3239 508 3289 adsertoribus
545 3242 775 3292 ecclesiae
813 3243 1084 3293 catholicae
1122 3244 1352 3308 superati
1389 3247 1534 3305 sunt;
1576 3245 1633 3291 ut
1671 3241 1796 3308 quid
1833 3241 2017 3290 belluni

164 3341 276 3373 eum
313 3327 530 3375 mortuis
562 3329 714 3393 9eri3,
763 3330 852 3394 qui
889 3329 959 3378 ad
996 3330 1249 3396 neqotiurn
1289 3329 1529 3394 temporis
1567 3328 1730 3377 nostri
1769 3343 1866 3376 non
1899 3341 2017 3391 per-

164 3410 355 3460 tinent?
393 3404 581 3472 (CSEL
619 3409 704 3470 26,
749 3408 855 3477 11).
894 3410 944 3459 in
983 3411 1111 3461 libro
1151 3410 1403 3461 Victorini
1443 3409 1706 3474 deperdito
1746 3407 2016 3473 praecipue
