2470 3718
295 112 362 160 50
873 108 1063 150 Editio
1097 108 1376 151 victorini
1409 109 1472 151 iv
1507 109 1636 155 3—4.

294 273 549 322 sanctus
608 273 861 322 sanctus
921 274 1177 322 sanctus
1237 271 1524 323 dominus
1583 272 1732 323 deus
1785 271 2199 338 omnipotens.

290 360 496 410 XXIIII
536 360 817 411 seniores
868 359 1172 411 habentes
1214 359 1565 411 tribunalia
1598 360 1823 411 XXIIII:
1864 360 1987 411 libri
2026 361 2202 427 <sunt>

291 448 664 514 prophetarum
720 450 772 498 et
826 448 959 515 legis
1012 447 1295 499 referentes
1350 449 1653 500 testimonia
1719 446 1828 518 [fol.
1879 446 1945 517 7¹]
2001 449 2200 500 iudicii.

293 540 416 586 sunt
470 539 647 587 autem
703 536 911 588 XXIIII
968 539 1142 603 patres
1191 537 1294 587 XII
1343 537 1571 602 apostoli
1620 539 1670 588 et
1718 536 1995 588 duodecim
2043 537 2202 603 patri-

291 625 490 675 archae.
531 624 776 676 animalia
814 625 980 692 igitur
1015 624 1156 691 quod
1190 625 1449 676 differenti
1482 626 1637 677 uultu
1673 628 1811 688 sunt,
1846 625 1977 676 hanc
2010 625 2203 676 habent
2255 640 2274 674 5

288 712 562 764 rationem.

214 794 255 848 4
371 800 552 852 Simile
592 801 733 853 leoni
775 801 968 852 animal
1017 802 1350 868 euangelium
1402 804 1483 853 est
1531 803 1646 853 cata
1693 801 1994 866 Iohannem,
2045 801 2200 866 quod,

291 905 411 940 cum
469 906 650 941 omnes
709 890 1068 957 euangelistae
1119 889 1384 941 hominem
1432 890 1632 941 factum
1684 889 1953 942 Christum
2000 889 2200 955 praedi-

290 980 559 1041 oauemnt,
616 978 706 1029 ille
765 981 939 1028 autem
988 977 1142 1029 illum
1191 980 1471 1044 antequam
1522 978 1864 1030 descenderet
1905 981 1956 1029 et
1996 993 2200 1028 carnem

291 1070 524 1118 sumeret
565 1066 722 1118 deum
762 1066 1091 1132 praedicauit
1133 1067 1377 1118 dicendo:
1433 1067 1584 1119 deus
1642 1070 1776 1118 erat
1834 1067 2093 1118 uerbum
2150 1069 2201 1117 et
2232 1080 2275 1113 10

289 1156 531 1221 quoniam
588 1158 860 1221 tamquam
922 1155 1004 1206 leo
1069 1155 1298 1207 fremens
1364 1155 1694 1219 exclamauit,
1759 1155 1925 1207 leonis
1988 1155 2199 1206 uultum

288 1244 517 1296 sustinet
570 1244 887 1311 praedicatio
953 1244 1080 1296 eius,
1154 1244 1382 1295 hominis
1445 1244 1693 1296 Matheus
1759 1244 1974 1295 enititur
2044 1259 2199 1294 enun-

285 1332 415 1383 tiare
478 1333 629 1383 nobis
695 1349 858 1401 genus
915 1332 1128 1394 Mariae,
1200 1332 1335 1383 unde
1401 1348 1604 1383 carnem
1679 1332 1881 1399 accepit
1939 1332 2198 1384 Christus,

287 1436 408 1487 ergo
468 1421 591 1471 dum
649 1424 918 1472 enumerat
974 1422 1036 1472 ab
1100 1421 1365 1472 Abraham
1422 1436 1590 1486 usque
1655 1421 1719 1472 ad
1783 1420 1957 1472 Dauid
2021 1423 2073 1471 et
2136 1420 2197 1470 ab

287 1509 460 1560 Dauid
521 1526 688 1576 usque
739 1510 802 1560 ad
849 1511 1059 1577 Ioseph,
1116 1513 1387 1576 tamquam
1438 1509 1499 1560 de
1548 1509 1756 1561 homine
1810 1511 2025 1561 locutus
2091 1512 2272 1568 est315

285 1598 402 1649 ideo
458 1598 778 1664 praedicatio
836 1598 949 1650 eius
1008 1598 1235 1666 effigIem
1295 1597 1520 1649 hominis
1579 1599 1798 1665 accepit.
1862 1598 2031 1649 Lucas
2075 1612 2199 1663 quo-

286 1702 384 1752 que
441 1686 522 1753 <a>
579 1686 871 1738 sacerdotio
929 1686 1209 1737 Zachariae
1268 1687 1528 1738 offerentis
1586 1685 1816 1738 hostiam
1863 1701 1954 1752 pro
2004 1684 2196 1751 populo

286 1779 337 1826 et
385 1778 663 1841 apparente
706 1775 807 1826 sibi
849 1776 1034 1842 angelo
1079 1775 1203 1826 dum
1255 1779 1539 1839 enumerat,
1591 1778 1803 1843 propter
1844 1773 2196 1826 sacerdotium

286 1865 337 1913 et
383 1863 611 1914 hostiam
675 1862 790 1930 ipsa
847 1863 1164 1929 conscriptio
1223 1863 1380 1915 uituli
1434 1864 1559 1915 tulit
1622 1864 1921 1931 imaginem.
1985 1862 2195 1913 Marcus

282 1950 539 2017 interpres
596 1952 740 2003 Petri
797 1967 856 2003 ea
906 1967 1035 2017 quae
1090 1952 1142 2002 in
1199 1968 1412 2003 munere
1470 1953 1693 2005 docebat
1749 1953 2194 2003 commemoratus
2228 1959 2270 1991 20

435 2126 460 2167 2
495 2124 548 2166 cf.
582 2124 720 2180 Apoc.
755 2124 796 2174 4,
830 2126 857 2166 4
980 2125 1005 2166 3
1040 2126 1097 2179 cf.
1138 2124 1218 2167 Th.
1253 2126 1406 2179 Zahn,
1447 2125 1708 2168 Gesehz'chte
1741 2124 1815 2167 des
1845 2127 2195 2167 neutestament-

287 2199 434 2241 lichen
465 2198 666 2241 Kamous
705 2199 771 2240 II
796 2212 846 2253 p.
885 2201 982 2241 338
1012 2212 1076 2253 sq.
1277 2201 1300 2242 7
1341 2201 1400 2254 cf.
1439 2199 1479 2241 T
1479 2199 1520 2241 h.
1556 2200 1708 2254 Zahn,
1750 2198 2077 2253 Forsehunyen
2115 2210 2196 2239 evm·

289 2272 445 2315 Gesehs.
482 2272 558 2315 (les
588 2286 633 2314 sn.
670 2277 698 2315 t.
731 2271 937 2315 Kamous
969 2273 1033 2315 ΙΙ
1055 2287 1104 2327 p.
1141 2275 1242 2315 258
1273 2287 1365 2327 sqq.
1455 2273 1509 2316 10
1542 2273 1637 2315 Ioh.
1675 2273 1712 2328 1,
1746 2274 1766 2314 1
1853 2271 1910 2315 20
1943 2271 1997 2314 cf.
2032 2270 2195 2326 Papias

285 2345 404 2401 apud
436 2346 599 2389 Euseb.
633 2346 739 2388 hist.
777 2347 882 2389 eccl.
917 2346 988 2389 ΠΙ
1020 2347 1077 2389 39

343 2449 368 2489 2
403 2451 508 2491 sunt
541 2461 625 2492 om.
659 2449 703 2490 A
811 2449 835 2490 3
870 2448 1045 2504 iudicii]
1078 2448 1252 2492 Indicio
1286 2449 1329 2491 A
1362 2450 1411 2492 in
1442 2449 1797 2492 noua-sectione
1919 2448 1942 2489 7
1976 2448 2192 2502 interpre-

282 2523 501 2566 tationem
533 2523 654 2565 inter
683 2536 728 2565 se
754 2524 1038 2566 cooztrarz'mn
1062 2523 1291 2578 praebent
1320 2524 1463 2567 codem
1496 2525 1540 2566 A
1580 2529 1620 2566 et
1660 2523 1825 2579 reliqui
1854 2526 2005 2565 testes.-
2036 2521 2115 2564 ille
2144 2520 2195 2562 id

282 2596 403 2651 quod
439 2597 629 2639 Irenaez'
666 2597 916 2651 exemplum
957 2598 1060 2652 (lib.
1094 2598 1190 2639 III
1215 2601 1277 2652 11,
1315 2601 1365 2652 8)
1408 2604 1450 2641 et
1485 2611 1626 2654 genus
1658 2597 1840 2640 dicendi
1878 2598 1998 2651 (cata
2027 2594 2193 2637 Iohan-

282 2671 402 2726 nem)
425 2671 647 2725 probant.
689 2670 913 2713 Victorini
945 2672 1203 2725 propriam,
1244 2672 1293 2715 ha·
1324 2672 1375 2714 id
1405 2672 1527 2727 quod
1561 2672 1648 2714 alii
1680 2671 1767 2714 loci
1799 2670 2109 2725 testificantur
2141 2680 2193 2710 εκ

280 2743 554 2800 Hieronymi
586 2744 716 2786 libris
746 2749 987 2798 sumptam,
1022 2746 1080 2799 ef.
1108 2745 1304 2788 eiusdem
1331 2746 1570 2800 proloqum
1602 2746 1653 2788 in
1686 2745 1927 2800 euanyelia
1960 2747 2191 2798 quattuor,

281 2821 512 2861 comment.
561 2817 612 2858 in
658 2816 819 2859 Ezech.
871 2817 945 2859 lz'b.
991 2818 1025 2859 I
1062 2831 1095 2863 C.
1139 2822 1179 2868 1,
1230 2824 1391 2861 contra
1438 2819 1748 2861 Iouifnianum
1797 2819 1872 2861 lib.
1921 2818 1956 2860 I
1999 2819 2065 2860 26
2112 2821 2191 2859 ete-

339 2890 531 2931 similem
566 2891 608 2931 A
762 2890 816 2932 13
852 2891 1038 2932 enititur
1069 2892 1245 2946 scripsi,
1281 2892 1397 2933 enim
1429 2892 1628 2934 mittitur
1661 2892 1704 2933 A
1860 2892 1913 2933 14
1947 2904 2052 2946 ergo
2087 2889 2189 2931 dum

282 2966 512 3005 enumerat
544 2962 617 3017 ab]
656 2966 700 3004 et
732 2962 1044 3005 indumentum
1079 2966 1174 3006 erat
1206 2964 1250 3006 A
1338 2965 1390 3007 16
1424 2964 1546 3019 ideo]
1582 2963 1706 3006 Idem
1739 2965 1783 3007 A
1891 2964 1986 3006 eius
2021 2963 2113 3005 eius
2147 2964 2190 3003 A

282 3038 334 3079 17
370 3051 394 3079 a
427 3050 510 3079 om.
544 3032 588 3079 A
703 3035 908 3078 offerenti
939 3037 984 3079 A
1048 3037 1100 3080 18
1136 3038 1287 3093 angeli
1318 3039 1361 3080 A
1455 3037 1558 3079 dum
1594 3039 1841 3093 enumerat]
1877 3037 2188 3079 indumentum

281 3113 377 3153 erat
408 3110 452 3152 A
543 3109 598 3151 20
632 3109 678 3149 in
710 3122 891 3152 munere
923 3110 1099 3166 scripsi,
1132 3111 1362 3153 imminere
1397 3112 1439 3152 A
