2470 3718
737 202 997 244 Recensio
1032 201 1339 255 Hieronymi
1372 201 1416 242 11
1449 202 1572 243 1—2.
2022 206 2088 254 35

239 358 471 421 talesque
528 356 788 407 electionis
844 357 1075 406 homines
1124 358 1324 420 oportet
1371 356 1659 406 omnimodo
1702 357 1974 417 admoneri,
2028 375 2088 407 ne

238 443 353 491 istis
402 442 500 492 sibi
548 442 693 491 bonis
744 441 999 491 concessis
1048 441 1360 490 fraudentur.
1416 456 1577 504 pauca
1626 441 1749 490 dixit
1797 457 1849 491 se
1902 443 2087 492 habere

239 528 484 577 aduersus
531 527 675 577 illos:
738 542 997 575 amorem
1053 529 1240 585 tuum,
1297 526 1478 589 inquit,
1539 527 1864 590 pristinum
1922 526 2228 578 11030-2,4-
2263 527 2295 567 5·

237 613 442 662 ruisti:
485 615 798 673 memento,
839 612 993 660 unde
1035 611 1347 661 cecideris
1386 611 1471 674 qui
1507 612 1658 672 cadit,
1693 612 1752 661 de
1787 614 1886 661 alto
1924 613 2082 672 cadit;

185 712 205 744 5
237 697 348 747 ideo
370 698 493 747 dixit
512 697 694 759 ‘unde'‚
716 698 950 762 quoniam
973 696 1262 746 omnimodo
1281 712 1442 760 usque
1463 697 1521 746 ad
1542 697 1876 747 nouissimum
1901 699 2085 748 amoris

236 799 384 847 opera
425 782 695 833 exercenda
736 786 870 840 sunt,
914 782 1048 846 quod
1090 784 1168 831 est
1206 781 1480 846 principale
1516 782 1828 831 mandatum.
1870 783 2085 846 denique
2118 775 2157 827 ‘2²
2190 775 2214 815 5

234 869 331 918 nisi
370 868 474 929 fiat,
522 869 745 918 minatus
796 872 872 917 est
924 883 1130 918 mouere
1184 867 1611 916 candelabrum
1663 867 1729 916 de
1774 868 1907 918 loco
1960 884 2082 928 suo,

232 954 283 1002 id
325 957 403 1003 est
443 969 674 1019 spargere
714 954 933 1017 plebem.
983 953 1099 1019 [sic
1144 952 1321 1001 habes
1367 955 1417 1001 ct
1466 955 1525 1001 tu
1565 956 1831 1002 tenentes
1870 953 2083 1002 doctri-
2116 952 2154 1001 2,
2188 954 2212 993 6

235 1055 367 1087 nam
408 1038 901 1103 Nicolaum-unz]
935 1038 1072 1087 odire
1107 1054 1158 1087 se
1192 1041 1362 1088 autem
1398 1054 1576 1102 opera
1615 1038 2082 1100 Nicolaitarum‚

161 1138 202 1171 10
234 1139 359 1187 quae
415 1127 465 1174 et
510 1125 617 1188 ipse
666 1124 861 1174 oderat:
918 1125 1011 1174 hoc
1061 1123 1121 1173 ad
1167 1124 1368 1173 laudern
1421 1126 1632 1187 spectat.
1680 1123 2084 1173 ‘Nicolaitarum‘

233 1212 400 1258 autem
445 1215 650 1274 ‘opera'z
709 1207 890 1277 [erant]
939 1209 1026 1258 illo
1068 1211 1294 1273 tempore
1342 1208 1447 1258 ficti
1495 1209 1724 1259 homines
1765 1211 1815 1258 et
1855 1208 2083 1272 pestiferi

233 1295 326 1343 sub
353 1295 552 1344 nomine
577 1294 776 1344 Nicolai
802 1295 1025 1344 ministri
1058 1294 1280 1343 fecerant
1313 1294 1410 1344 sibi
1442 1294 1677 1353 heresim,
1712 1297 1768 1343 ut
1801 1294 2081 1343 delibatum

233 1380 622 1429 exorcidiaretur
656 1382 704 1429 et
737 1380 1031 1430 manducari
1064 1382 1257 1443 posset,
1292 1382 1342 1428 et
1372 1382 1430 1428 ut
1464 1380 1772 1443 quicumque
1804 1380 2080 1428 fornicatus

232 1468 383 1526 esset,
418 1469 597 1515 octaua
630 1465 707 1515 die
743 1481 916 1529 pacem
953 1466 1220 1529 acciperet.
1247 1465 1359 1514 ideo
1396 1465 1667 1515 conlaudat
1698 1465 1831 1523 illos.
1860 1465 1919 1513 ad
1954 1480 2078 1528 quos

157 1565 198 1599 15
233 1550 425 1610 scribit,
477 1552 661 1615 quibus
703 1552 894 1600 talibus
937 1553 988 1599 et
1026 1554 1131 1599 tam
1178 1550 1374 1615 magnis
1422 1550 1547 1599 uiris
1596 1550 1830 1614 promisit
1881 1551 2078 1615 lignum
2111 1551 2150 1600 2,
2192 1562 2203 1590 τ

231 1637 384 1699 quod
425 1639 518 1686 est
555 1639 611 1685 in
653 1637 930 1701 paradiso
974 1637 1066 1686 dei
1109 1637 1200 1686 sui.

303 1721 528 1786 Sequens
570 1723 787 1788 epistola
828 1725 1123 1786 sequentem
1167 1722 1605 1773 conuersationem
1649 1722 1855 1772 alterius
1897 1722 2076 1771 classis

229 1810 278 1856 et
312 1807 697 1858 consuetudinis
733 1808 942 1874 detegit.
986 1808 1201 1872 denique
1236 1808 1328 1857 ait:
1371 1808 1493 1857 scio
1536 1823 1643 1858 uos
1686 1810 1741 1857 et
1780 1823 2076 1871 pauperes
2109 1807 2147 1859 2,
2182 1808 2206 1847 9

122 1722 152 1771 10

372 1935 396 1974 2
432 1934 483 1974 cf.
515 1934 649 1987 Apoc.
684 1935 722 1987 52,
757 1935 810 1975 14
895 1934 919 1974 6
954 1934 1003 1975 cf.
1040 1934 1197 1975 Matth.
1231 1934 1299 1984 22,
1333 1934 1388 1975 :38

285 2031 304 2070 1
340 2033 557 2085 talesque]
591 2035 634 2073 et
665 2033 775 2073 tales
813 2033 905 2085 CB,
939 2046 987 2074 ac
1021 2034 1132 2073 tales
1163 2047 1190 2086 9
1345 2032 1581 2073 electiones
1616 2032 1739 2072 κἸΚ
1853 2032 2076 2072 hominum

226 2102 306 2143 JK
448 2104 620 2144 omnino
652 2103 756 2157 IKq
894 2117 947 2145 ne
979 2104 1096 2157 istis]
1131 2104 1323 2145 Nescitis
1356 2104 1403 2145 F
1547 2105 1570 2143 2
1605 2103 1703 2156 sibi]
1740 2103 1808 2144 dei
1836 2117 1875 2156 9,
1909 2105 2001 2144 siue
2033 2103 2079 2143 F

281 2174 406 2215 bonis
432 2188 512 2216 om.
543 2175 582 2215 T
669 2175 752 2216 sibi
775 2175 919 2229 bonis]
950 2175 1074 2216 bonis
1101 2175 1183 2216 sibi
1209 2175 1289 2215 JK
1375 2175 1480 2216 haec
1508 2188 1647 2229 pauca
1672 2174 1707 2216 S
1781 2175 1804 2215 3
1830 2187 2017 2214 amorem
2039 2207 2073 2215 ..

225 2245 474 2300 deseruisti]
506 2246 565 2287 Et
597 2246 823 2288 caritatem
857 2250 978 2288 tuam
1019 2246 1164 2299 inquit
1200 2246 1430 2300 pristinam
1473 2245 1689 2298 reliquisti
1720 2245 1815 2295 Xffi,
1851 2246 1905 2297 cf.
1947 2245 2073 2298 Vuly.

223 2318 250 2356 4
282 2316 488 2358 excideris
521 2318 598 2371 Iey
633 2331 729 2359 cum
769 2317 891 2372 Vuly.
1015 2319 1039 2358 5
1074 2318 1298 2371 quoniam]
1336 2317 1438 2370 quia
1468 2316 1552 2357 JK
1665 2319 1688 2358 6
1723 2316 2006 2370 principalem
2039 2316 2079 2356 T

224 2389 246 2428 7
282 2387 403 2428 cand.
437 2402 559 2429 suum
592 2388 649 2429 M
728 2389 752 2429 8
786 2388 1007 2442 spargere]
1043 2401 1218 2442 parcere
1249 2387 1297 2428 F
1383 2388 1443 2428 sic
1466 2421 1473 2428 .
1494 2421 1501 2427 .
1524 2387 1867 2428 ‚Nicolaitarum
1902 2386 2005 2426 add.
2032 2385 2071 2423 (Ι)

222 2458 374 2513 (doctr.
406 2462 492 2500 ten.
519 2458 617 2500 Nic.
641 2459 715 2513 F),
749 2460 809 2500 sie
845 2459 1003 2512 (inquit
1036 2459 1141 2500 add.
1167 2459 1216 2509 S)
1248 2458 1386 2500 habes
1420 2461 1463 2499 et
1494 2461 1543 2499 tu
1576 2457 1695 2499 odire
1723 2470 1852 2510 opera
1875 2457 2070 2498 Nicolai-

221 2532 375 2570 tarum.
416 2530 491 2571 sed
532 2531 734 2583 quoniam
785 2533 828 2571 et
865 2531 957 2584 ipse
997 2529 1151 2571 oderas
1198 2531 1400 2571 tenentes
1449 2529 1692 2570 doctrinam
1739 2528 2070 2580 Nicolaitarum,

221 2600 393 2641 laudem
425 2603 626 2655 expectas
651 2600 709 2655 Sy
733 2602 799 2654 (in
823 2601 914 2643 cod.
940 2600 976 2642 S
996 2600 1134 2642 uerba
1159 2602 1200 2641 ct
1224 2599 1395 2640 laudem
1431 2601 1632 2653 expectas
1656 2599 1810 2652 posita
1840 2603 1944 2639 sunt
1969 2602 2072 2639 ante

220 2675 307 2716 ten.
335 2672 469 2714 doctr.
492 2672 605 2725 Nic.)
683 2674 707 2714 9
742 2672 1030 2716 odire..Nic.
1065 2685 1145 2713 om.
1177 2671 1225 2712 F
1308 2671 1643 2712 nicholaitarum
1674 2669 1834 2710 DCBI
1923 2672 2067 2709 autem

221 2757 266 2785 se
289 2745 455 2785 DGBI
541 2746 592 2787 10
626 2747 849 2799 exspectat
873 2745 920 2786 F
1033 2743 1269 2784 nicholaite
1298 2743 1375 2784 CB
1438 2742 1486 2783 11
1515 2754 1646 2796 opera
1670 2755 1750 2783 om.
1781 2740 1857 2781 CB
1947 2743 2069 2781 erant

223 2818 333 2865 (erat
363 2816 424 2867 F)
455 2817 583 2858 uncis
613 2817 772 2858 seclusi
860 2816 970 2869 ficti]
1005 2814 1178 2856 factiosi
1203 2813 1284 2854 JK
1305 2817 1409 2867 post
1439 2813 1639 2867 pestiferi
1673 2811 1775 2853 add.
1810 2812 1881 2864 qui
1909 2810 2074 2852 CBKS

223 2887 274 2927 12
303 2893 402 2940 post
431 2888 593 2929 nicolai
626 2887 729 2928 add.
764 2886 1058 2942 apostolorum
1090 2885 1172 2926 JK
1306 2884 1501 2926 fecerunt
1538 2884 1670 2925 DCB
1815 2883 1985 2923 heresin
2032 2882 2070 2921 Τ

269 2963 373 3010 post
397 2958 635 3000 delibatum
663 2958 766 3000 add.
790 2957 907 2999 idolo
926 2958 1006 2998 IK
1065 2958 1115 2998 13
1135 2956 1472 2998 exorcidiaretur
1495 2955 1586 3004 TF,
1613 2956 1669 3008 cf.
1700 2954 1896 3007 Georyes,
1921 2953 2066 2994 Wort·

210 3029 388 3082 formem
413 3043 459 3083 p.
493 3032 601 3082 259,
635 3029 945 3070 exorcizaretur
976 3033 1051 3070 cet.
1178 3030 1226 3068 ut
1257 3026 1517 3068 manducare
1549 3026 1720 3079 possint
1750 3025 1790 3070 ffi
1930 3025 2067 3076 possit

223 3100 345 3142 TFS
489 3101 541 3142 14
580 3103 735 3142 octauo
775 3101 809 3142 S
954 3100 1119 3153 pacem]
1161 3112 1314 3153 panem
1346 3098 1427 3139 IK
1570 3096 1836 3138 collaudauit
1874 3109 1945 3136 eos
1989 3094 2066 3134 OB

219 3172 271 3213 15
296 3171 469 3225 scripsit
490 3172 536 3213 D
619 3173 671 3213 16
696 3170 943 3226 paradisum
977 3171 1014 3211 T
1096 3171 1146 3210 17
1179 3169 1450 3222 frequentem
1473 3167 1554 3208 ΙΚ
1642 3167 1693 3208 18
1728 3165 2064 3208 consuetudines

215 3243 390 3292 DGBI,
424 3242 780 3284 consuetudinem
813 3242 850 3284 S
950 3242 1036 3283 scio
1070 3240 1398 3281 tribulationem
1430 3242 1547 3280 tuam
1582 3242 1625 3279 et
1655 3239 1956 3292 paupertatem
1989 3234 2063 3276 sed

222 3314 343 3356 diues
377 3327 421 3355 es
452 3313 503 3367 X,
537 3314 592 3366 cf.
624 3314 664 3359 Q
698 3318 737 3355 et
776 3313 901 3367 Vuly.
1022 3315 1064 3353 et-
1097 3313 1209 3364 (alt.)
1240 3324 1322 3352 om.
1354 3309 1484 3352 DGB

1951 3391 2001 3432 3*
