2470 3718
215 1476 223 1497 ,
258 1442 282 1483 5

322 131 390 180 56
901 123 1092 169 Editio
1125 128 1405 170 Victol·ini
1435 128 1498 171 IV
1530 131 1659 173 5—-6.

318 290 532 349 tionem,
573 289 792 356 <adsunt
832 289 906 341 eis
948 291 1059 341 alae
1101 286 1193 341 sed
1231 307 1331 342 non
1373 289 1579 353 uiuunt„
1630 292 1682 343 id
1725 296 1806 344 est
1843 293 2049 345 inanem
2090 295 2221 346 uati-

321 377 663 444 cinationem>
718 377 1016 428 hominibus
1073 379 1313 429 adferunt
1359 395 1458 430 uon
1515 380 1824 431 audiendam
1879 382 2018 433 faeta
2067 383 2219 434 dietis

318 481 416 516 non
460 465 800 518 conferentes
843 468 966 517 sunt
1006 470 1181 518 autem
1222 467 1342 518 libri
1385 468 1578 519 ueteris
1619 470 1922 520 testamenti
1963 470 2050 535 qui
2092 471 2221 522 exci-

318 553 535 619 piuntur
573 553 793 616 XXIIII,
837 569 968 619 quos
1008 554 1059 604 in
1102 554 1346 619 epitomis
1382 554 1642 606 Theodori
1682 556 1995 608 inuenimUS.
2038 558 2129 609 sed
2171 563 2222 610 et

317 640 522 692 XXIIII
585 644 644 692 ut
708 641 934 693 diximus
1005 644 1179 706 patres
1243 645 1293 693 et
1356 644 1607 709 apostoli:
1671 644 1901 695 iudicare
1966 647 2219 711 populum
2274 665 2295 698 5

320 745 475 780 suum
525 732 747 795 oportet.
805 726 1252 797 interrogantibus
1304 731 1441 781 enirn
1492 733 1746 798 apostolis
1798 736 1848 783 et
1896 733 2217 786 dicentibus:

319 834 426 869 nos
469 818 563 869 his
607 819 892 878 omnibus
934 819 1183 870 relictis
1228 821 1433 871 secuti
1475 823 1531 871 te
1576 836 1816 873 sumus:
1860 823 2004 888 quid
2038 824 2218 875 nobis

319 907 473 958 verit?
507 907 780 973 respondit
806 907 1048 958 dominus
1075 912 1274 959 noster:
1312 925 1443 959 cum
1473 907 1707 960 sederit
1733 910 1913 961 filius
1948 911 2219 962 hominis

320 1011 510 1061 super
565 996 793 1046 solium
854 996 1095 1063 gloriae
1154 1013 1316 1058 suae,
1383 997 1693 1049 sedebitis
1752 1002 1811 1048 et
1865 1015 1975 1050 uos
2034 1015 2220 1064 super

319 1083 644 1134 duodeoim
731 1084 1078 1135 tribunalia
1164 1085 1522 1137 iudicantes
1604 1085 1932 1138 duodecim
2011 1089 2216 1138 tribus
2252 1105 2294 1136 11)

316 1171 529 1222 Israel.
580 1172 671 1223 sed
721 1176 771 1223 et
813 1173 873 1223 de
915 1173 1152 1239 patribus
1196 1173 1318 1238 quia
1358 1173 1638 1225 iudicaturi
1682 1176 1820 1234 sunt,
1873 1171 1981 1243 [fol.
2025 1173 2095 1246 ὃν]
2149 1177 2221 1227 ait

315 1260 471 1311 Iacob
507 1262 825 1327 patriarcha:
870 1264 929 1311 et
967 1262 1102 1329 ipse
1142 1262 1460 1313 iudicabit
1501 1263 1797 1329 populum
1841 1280 2016 1314 suum
2059 1264 2220 1315 inter

315 1347 543 1400 fratres
588 1365 731 1401 suos
776 1350 946 1400 sicut
986 1366 1102 1401 una
1143 1350 1344 1400 tribus
1387 1351 1604 1402 Israel.

390 1438 568 1488 Exire
612 1441 786 1489 autem
827 1439 1075 1506 fulgora
1118 1442 1177 1489 et
1219 1455 1403 1490 uooes
1447 1443 1505 1490 et
1545 1440 1826 1491 tonitrua
1868 1457 1895 1490 a
1930 1441 2086 1493 solio
2123 1442 2221 1492 dei

317 1528 373 1576 et
409 1528 647 1592 septem
680 1527 871 1578 faces:
909 1527 1241 1594 significabat
1265 1528 1678 1593 praedicationes
1709 1530 1759 1579 et
1784 1530 2218 1593 repromissiones
2255 1547 2295 1579 15

316 1630 342 1663 a
385 1614 476 1665 deo
521 1618 573 1665 et
616 1615 800 1667 minas,
836 1632 953 1666 nam
995 1616 1244 1682 fulgora
1285 1616 1568 1666 aduentum
1606 1616 1802 1667 domini
1837 1617 2218 1684 significabant,

323 1718 505 1754 uoces
542 1705 716 1754 autem
749 1705 872 1755 noui
903 1705 1208 1755 testamenti
1240 1705 1675 1771 praedicationeS,
1710 1704 1990 1755 tonitrua
2024 1709 2216 1769 autem,

322 1791 458 1856 quod
492 1792 737 1842 caelestia
771 1795 893 1842 sunt
925 1792 1100 1851 uerba,
1143 1792 1310 1844 faces
1345 1809 1467 1843 uero
1510 1794 1674 1860 ignis
1711 1793 1986 1844 ardentis
2022 1794 2214 1846 donum

320 1879 537 1944 spiritus
594 1881 777 1943 saneti,
834 1881 974 1946 quod
1030 1897 1148 1932 eum
1197 1882 1247 1932 in
1294 1882 1436 1949 ligno
1487 1881 1771 1948 perdiderit
1816 1881 2017 1947 primus
2060 1883 2215 1935 homo

319 1983 409 2032 per
448 1968 649 2034 iignum
690 1970 948 2034 passionis
992 1972 1073 2021 est
1111 1970 1392 2023 redditum.
2249 1991 2291 2022 20

466 2141 494 2180 4
534 2139 592 2192 cf.
641 2140 723 2182 Th.
766 2141 916 2194 Zalm,
963 2141 1222 2183 Geschichte
1262 2141 1337 2183 des
1382 2146 1569 2184 neutest.
1611 2142 1812 2184 Kamous
1851 2143 1916 2184 Π
1949 2157 1997 2197 p.
2042 2145 2140 2185 338
2179 2148 2220 2184 et

315 2225 360 2264 p.
398 2214 649 2254 961—964
741 2215 765 2255 5
800 2216 857 2269 cf.
883 2229 932 2269 p.
972 2217 1046 2266 50,
1085 2218 1112 2256 4.
1206 2216 1228 2256 7
1264 2214 1427 2256 Matth.
1463 2215 1530 2269 19,
1566 2216 1635 2257 27.
1670 2216 1724 2257 28
1821 2217 1873 2258 12
1912 2215 2022 2259 Gen.
2055 2217 2126 2270 49,
2163 2217 2214 2258 16

382 2315 400 2355 1
438 2314 692 2358 adsunt...
712 2318 1082 2360 uaticinationem
1115 2331 1199 2360 om.
1232 2317 1277 2358 A
1398 2319 1423 2360 2
1458 2317 1699 2360 adfuerunt
1731 2320 1774 2362 A
1919 2319 2142 2361 audienda
2173 2321 2217 2361 A

320 2388 345 2429 3
381 2389 607 2443 excipiunt
638 2391 680 2430 A
785 2392 813 2432 4
847 2392 1097 2446 epythomis
1130 2392 1173 2432 A
1285 2392 1310 2432 5
1344 2392 1684 2434 nominatiaam
1717 2393 1911 2448 apostoli
1937 2394 2128 2448 praebet
2160 2397 2216 2448 A,

318 2461 423 2503 item
460 2463 585 2504 TCB
739 2464 787 2505 11
825 2465 945 2519 quia]
983 2466 1059 2520 qui
1091 2465 1134 2506 A
1282 2466 1335 2507 12
1371 2468 1415 2507 et
1446 2467 1561 2521 ipse]
1605 2467 1869 2509 Victorinus
1894 2468 2218 2522 patriarcham

316 2537 565 2590 yeneratim
598 2538 758 2580 omisso
790 2539 1104 2580 nomine'Dan
1137 2539 1387 2593 loquentem
1420 2539 1599 2582 inducit
1661 2541 1714 2583 13
1750 2541 1912 2595 tribus]
1945 2541 2148 2596 patribus
2175 2544 2219 2583 A

322 2609 374 2649 15
410 2611 454 2650 et
487 2623 511 2650 a
544 2613 713 2664 septem
748 2610 889 2653 fasces
923 2612 966 2652 A
1110 2613 1391 2654 remissiones
1427 2613 1470 2654 A
1595 2614 1648 2655 19
1684 2615 1850 2668 primus
1883 2615 2055 2668 scripsi,
2090 2615 2216 2669 poni-

319 2695 414 2723 mus
449 2683 491 2723 A
584 2684 638 2725 20
673 2683 874 2726 redditus
908 2686 950 2725 A
