2470 3718
1049 206 1373 248 nominum.

263 352 561 397 Colossenses:
603 356 766 399 Paulus
805 358 980 412 scripsit
1018 357 1072 399 ad
1105 357 1185 400 Co-

318 426 533 468 lossenses
566 427 634 479 28,
670 428 741 477 10;
776 431 851 482 29,
890 431 926 470 9.

261 496 498 538 Corinthii:
548 501 610 540 ait
650 499 705 541 ad
741 500 990 542 Corinthios
1024 501 1186 542 Paulus

319 568 412 622 142,
444 570 514 620 10,
541 571 595 612 ad
614 570 862 613 Corinthios
889 572 1070 614 dicendo
1092 573 1185 625 152,

315 641 362 693 4,
381 642 555 695 scripsit
571 643 624 684 ad
643 642 893 686 Corinthios
911 644 977 698 28,
990 645 1033 695 8;
1054 647 1128 696 29,
1144 647 1185 685 8.

255 782 352 823 Dan
384 783 597 826 iudicabit
633 790 704 836 57,
736 788 808 828 12.

254 853 444 896 Danihel
481 856 544 897 ait
584 857 679 910 120,
721 858 792 908 14,
832 859 926 909 121,
966 861 1038 908 133
1076 859 1185 900 dixit

315 926 409 977 150,
444 928 487 977 8;
523 930 624 969 ante
658 928 821 971 dixerat
854 931 950 983 128,
983 932 1053 980 12,
1083 933 1183 972 ante

310 997 585 1050 praedixerat
614 1002 714 1050 129,
748 1003 826 1055 17,
860 1002 1054 1043 ostendit
1088 1002 1182 1054 120,

312 1070 355 1118 1,
388 1071 483 1119 121,
515 1072 551 1111 1.
592 1073 861 1126 septimanae
900 1074 1014 1128 apud
1045 1074 1179 1115 Dani-

308 1141 455 1182 helum
489 1144 525 1194 7,
559 1144 640 1193 23;
673 1144 711 1197 8,
749 1145 784 1184 1.
819 1145 981 1186 dictum
1017 1148 1083 1186 est
1106 1159 1183 1200 per

306 1212 494 1255 Danihel
520 1216 777 1268 prophetam
805 1217 900 1269 130,
925 1217 972 1269 3,
999 1217 1179 1270 perDa-

306 1284 495 1326 nihelem
528 1287 784 1340 prophetam
818 1289 912 1340 131,
947 1292 989 1329 3.

248 1356 393 1397 Dauid
440 1359 502 1399 ait
542 1360 637 1412 150,
677 1363 721 1409 5,
764 1361 828 1402 ait
865 1375 942 1415 per
980 1362 1179 1415 spiritum

305 1429 374 1480 24,
407 1430 452 1479 5;
488 1433 563 1483 25,
602 1434 647 1483 6;
682 1432 726 1472 in
747 1433 913 1486 psalmo
942 1432 1011 1473 VI.
1051 1435 1180 1486 rogat

305 1501 342 1547 5,
390 1502 457 1543 22.

245 1572 391 1614 Dauid
416 1576 610 1628 (yenet.):
635 1578 858 1630 generatio
879 1607 887 1616 .
907 1610 915 1617 .
936 1612 942 1619 .
965 1576 1066 1617 .filii
1092 1575 1173 1617 Da-

305 1644 377 1685 uid
417 1646 484 1699 52,
526 1648 572 1698 5,
618 1649 691 1700 53,
728 1650 774 1696 4,
807 1647 999 1689 radicem
1030 1648 1176 1689 Dauid

302 1716 370 1768 62,
403 1717 449 1770 5,
480 1718 601 1759 radix
618 1718 764 1760 Dauid
795 1721 891 1773 [63,
928 1720 994 1773 6],·
1029 1723 1101 1772 63,
1135 1723 1174 1761 7.

303 1790 355 1830 ab
388 1790 605 1831 Abraham
637 1804 771 1844 usque
805 1791 859 1832 ad
884 1791 1028 1832 Dauid
1054 1794 1097 1832 et
1121 1791 1172 1832 ab

299 1864 357 1913 (a)
388 1861 534 1903 Dauid
566 1875 700 1915 usque
733 1861 788 1904 ad
817 1862 974 1917 Ioseph
1009 1863 1076 1914 50,
1105 1864 1170 1906 14.

301 1934 374 1982 15;
414 1935 476 1984 51,
509 1935 578 1977 13.

242 2004 416 2046 Diclux:
463 2018 692 2046 numerum
738 2009 832 2048 666
869 2007 1014 2059 explet
1053 2008 1169 2061 1124,

300 2078 341 2116 8.
372 2077 458 2130 11];
490 2077 610 2130 (125,
647 2079 686 2118 9.
730 2079 811 2130 13).

239 2146 519 2189 Domitianus
562 2151 655 2190 erat
686 2149 855 2203 Caesar,
892 2164 985 2191 cum
1018 2150 1168 2192 scribi—

296 2223 366 2260 tur
405 2220 679 2274 apocalypsis
714 2221 809 2275 118,
843 2223 881 2263 6.
914 2222 964 2275 9,
997 2223 1091 2275 119,
1129 2226 1169 2264 7.

295 2292 365 2331 10.
411 2291 642 2332 interfecto
682 2292 933 2334 Domitiano
975 2294 1044 2345 92,
1094 2294 1166 2343 19,

300 2363 374 2414 93,
407 2363 484 2403 20.
515 2361 732 2404 Iohannes
758 2366 903 2407 erat..
922 2364 966 2405 in
989 2365 1167 2406 metallo

295 2433 525 2475 damnatus
558 2448 582 2475 a
610 2433 793 2477 Caesare
817 2435 1074 2477 Domitiano
1097 2437 1166 2490 92,

297 2506 371 2558 16,
406 2506 475 2557 93,
508 2507 577 2546 18.

233 2648 375 2690 Ebion
416 2651 460 2690 et
491 2651 636 2691 cetera
666 2649 784 2692 scola
819 2651 1063 2703 <satanae>
1096 2651 1164 2703 96,

294 2721 338 2768 1;
385 2722 458 2772 97,
496 2722 533 2762 1.

232 2792 414 2833 ecclesia
447 2791 840 2846 catholica54,19;
874 2794 1038 2844 55,18.
1067 2794 1162 2847 112,

293 2862 337 2914 1,
370 2865 466 2915 113,
499 2866 540 2904 2.

228 2932 516 2976 Ecclesiastes
549 2933 659 2976 dixit
686 2934 755 2988 84,
786 2935 833 2984 4,
876 2936 949 2984 85,
984 2938 1025 2976 4.

228 3003 430 3057 Ephesii:
460 3005 622 3047 Paulus
654 3005 829 3060 scripsit
859 3005 912 3047 ad
945 3005 1161 3060 Ephesios

287 3076 354 3126 28,
388 3078 434 3129 9,
468 3078 547 3129 29,
582 3080 621 3118 9.

228 3149 380 3190 Esaias
413 3149 477 3190 ait
502 3149 597 3202 100,
630 3150 675 3200 9,
711 3149 807 3198 102,
842 3149 914 3202 14,
947 3150 1050 3202 103,
1082 3150 1157 3200 13,

286 3220 395 3262 dicit
438 3221 538 3270 133,
583 3221 659 3274 13,
707 3219 817 3262 dixit
847 3222 944 3273 132,
978 3221 1050 3273 133
1091 3221 1157 3261 in-

286 3293 382 3346 quit
398 3292 492 3347 (25,
509 3292 603 3344 15),
627 3291 823 3346 loquitur
844 3294 1033 3346 101,18;
1058 3292 1154 3333 sab-

284 3366 434 3407 batum
464 3362 649 3405 resoluit
686 3363 727 3412 6,
769 3364 809 3405 7.
832 3363 978 3406 uerbis
1002 3363 1156 3406 Esaiae

2065 216 2165 264 163

1294 360 1386 410 122,
1423 360 1468 409 2;
1502 362 1632 403 uerbo
1674 364 1827 406 Esaiae
1866 367 1968 419 123,
2002 370 2044 409 2.
2069 381 2165 421 sep-

1289 433 1378 471 tem
1409 432 1611 474 mulieres
1650 435 1765 488 apud
1803 437 1974 478 Esaiam
2009 440 2046 488 7,
2087 439 2161 490 20,

1291 502 1406 555 apud
1429 502 1602 545 Esaiam
1626 506 1882 559 prophetam
1903 512 2074 550 cautum
2095 513 2161 551 est

1290 573 1328 625 6,
1361 575 1429 615 20.
1471 588 1547 628 per
1577 575 1751 618 Esaiam
1783 579 2022 631 praedicari
2053 581 2161 634 legi-

1290 658 1382 684 mus
1429 645 1495 698 28,
1546 646 1619 696 14;
1668 650 1742 696 29,
1786 649 1863 697 14,
1913 651 2042 690 uerbo
2083 665 2161 704 per

1291 715 1464 757 Esaiam
1519 719 1826 771 praenuntiato
1875 721 1941 768 52,
1989 722 2034 769 2,
2083 736 2157 775 per

1287 787 1460 828 Esaiam
1485 790 1673 830 testatus
1699 792 1765 830 est
1783 791 1960 844 spiritus
1980 796 2154 833 sanctus

1290 858 1385 907 148,
1432 859 1498 899 20.
1548 858 1654 900 dicit
1690 861 1901 913 (spiritus)
1942 862 1987 902 in
2026 863 2159 903 Esaia

1290 930 1385 981 132,
1420 931 1493 983 11,
1524 932 1627 984 133,
1651 932 1727 985 12,
1752 931 1796 971 in
1821 931 1948 973 Esaia
1974 933 2158 986 legimus

1288 1001 1354 1054 16,
1374 1001 1422 1054 8,
1446 1003 1614 1054 17,14;
1638 1003 1845 1057 scriptum
1873 1007 1938 1044 est
1962 1004 2003 1044 in
2031 1005 2158 1045 Esaia

1287 1073 1356 1125 52,
1392 1074 1465 1127 10,
1505 1074 1550 1116 in
1592 1074 1720 1115 Esaia
1751 1075 1965 1128 propheta
2003 1079 2074 1127 53,
2110 1080 2158 1118 2.

1229 1147 1340 1188 Eua:
1374 1145 1501 1187 draco
1534 1146 1673 1187 Euam
1705 1146 1875 1187 seduxit
1906 1146 1945 1200 8,
1983 1149 2047 1188 11.

1228 1218 1429 1259 Eufrates
1461 1218 1499 1267 4,
1537 1218 1602 1258 17.
1628 1217 1743 1270 apud
1766 1217 1924 1258 flumen
1949 1232 2153 1273 magnum

1283 1289 1492 1330 Eufraten
1534 1290 1629 1343 [79,
1674 1290 1730 1342 7].
1777 1291 1898 1330 trans
1936 1289 2152 1332 Eufraten

1283 1361 1439 1402 fiumen
1470 1363 1543 1412 79,
1570 1363 1613 1402 8.
1640 1374 1663 1401 a
1686 1360 1864 1401 flumine
1890 1375 2044 1415 niagno
2062 1361 2152 1403 Eu-

1282 1432 1395 1473 frate
1458 1445 1593 1484 usque
1648 1430 1702 1472 ad
1755 1431 1911 1472 flumen
1964 1432 2154 1486 Aegypti

1285 1502 1379 1553 148,
1415 1503 1481 1544 10.

1223 1574 1445 1616 Ezechiel:
1472 1574 1534 1614 ait
1565 1573 1765 1615 Ezechiel
1796 1574 1891 1623 101,
1916 1575 1990 1622 12,
2017 1586 2153 1627 paene

1281 1645 1443 1687 eisdem
1469 1645 1613 1685 uerbis
1637 1644 1831 1697 loquitur
1858 1644 1952 1695 100,
1976 1644 2046 1694 15,
2071 1643 2149 1685 Sor

1278 1716 1520 1757 nominauit
1547 1716 1640 1766 132,
1670 1716 1733 1756 11.
1759 1715 1802 1755 in
1822 1714 2022 1756 Ezechiel
2042 1716 2147 1769 (spi-

1278 1788 1406 1839 ritus)
1440 1787 1521 1830 Sor
1552 1800 1643 1828 eain
1675 1787 1919 1827 nominauit
1942 1788 2044 1837 133,
2084 1789 2149 1827 12.

1220 1932 1350 1973 Fison
1374 1932 1543 1984 flumen
1572 1931 1613 1978 4,
1648 1931 1714 1971 17.

1219 2074 1446 2117 Gabrihel:
1504 2072 1712 2115 Gabrihel
1767 2075 1893 2125 (acc.)
1942 2072 2141 2126 angelum

1275 2148 1314 2198 8,
1349 2147 1415 2188 10.

1218 2218 1420 2260 Galatae:
1460 2217 1622 2258 Paulus
1663 2215 1837 2268 scripsit
1875 2214 1928 2255 ad
1962 2214 2143 2257 Galatas

1273 2289 1341 2342 28,
1374 2291 1420 2338 9,
1458 2290 1534 2341 29,
1570 2291 1611 2331 8.

1217 2361 1357 2404 Galba
1390 2361 1485 2413 118,
1518 2361 1563 2409 8;
1596 2360 1691 2410 119,
1728 2360 1767 2400 9.

1217 2432 1416 2475 Genesis:
1448 2432 1561 2473 liber
1591 2430 1732 2484 Moysi
1766 2429 1839 2483 qui
1864 2427 2044 2470 Genesis
2070 2441 2143 2481 ap-

1271 2504 1459 2559 pellatur
1505 2503 1544 2553 3,
1588 2503 1627 2543 5.
1674 2502 1719 2542 in
1761 2500 1917 2542 Genesi
1955 2500 2141 2554 legimus

1271 2577 1339 2628 62,
1372 2577 1419 2625 6,
1458 2577 1532 2628 63,
1566 2578 1608 2616 8.

1214 2647 1334 2690 Geon
1365 2648 1527 2700 flumen
1557 2647 1598 2695 4,
1632 2645 1698 2686 17.

1213 2718 1473 2762 Genserikos
1527 2728 1757 2758 numerum
1807 2716 1901 2756 666
1945 2713 2137 2766 expleuit

1271 2792 1390 2845 [123,
1428 2790 1492 2843 9];
1526 2788 1645 2843 (127,
1681 2788 1737 2839 5).

1211 2862 1385 2918 gothice
1417 2862 1535 2915 (127,
1580 2861 1636 2912 5).

1211 2947 1334 2989 grece
1367 2934 1484 2987 [124,
1521 2934 1559 2974 6.
1591 2930 1679 2985 11];
1713 2930 1833 2983 (125,
1870 2931 1911 2969 4.
1933 2927 2019 2979 12).

1210 3005 1356 3048 Greci:
1389 3003 1624 3046 secundum
1656 3000 1815 3044 Grecos
1847 3000 1967 3050 (127,
2004 3000 2061 3048 4).

1208 3090 1362 3132 grecus
1399 3074 1612 3130 (adiect.):
1655 3072 1710 3113 ad
1740 3071 1932 3112 litteram
1965 3080 2134 3122 grecam

1266 3149 1361 3198 122,
1393 3148 1440 3195 4,
1477 3148 1583 3198 123,
1627 3147 1671 3194 7,
1710 3143 1834 3196 [124,
1867 3141 1935 3194 3],
1976 3138 2030 3180 ad
2059 3138 2133 3179 lit-

1261 3221 1379 3260 teras
1418 3229 1568 3271 grecas
1609 3216 1728 3266 (125,
1774 3216 1833 3264 7).
1880 3210 2019 3265 grecis
2057 3209 2131 3250 lit-

1260 3290 1366 3332 teris
1415 3289 1534 3340 (127,
1585 3290 1651 3336 7),
1699 3298 1747 3326 ex
1792 3271 1953 3324 litteris
1991 3280 2131 3335 grecis

1261 3361 1379 3415 [124,
1413 3359 1483 3414 2];
1515 3358 1636 3410 (125,
1670 3358 1729 3409 2).
2047 3421 2071 3446 *

1991 3422 2038 3463 11
