2470 3718
101 384 135 433 4

770 229 1026 270 Recensio
1059 229 1367 283 Hieronymi
1399 230 1418 270 I
1450 231 1489 270 4.
1988 233 2056 281 23

281 384 564 451 [Vestitum
612 388 783 435 tunica
830 385 1032 450 talari]
1080 385 1136 442 in
1192 388 1362 435 ueste
1402 385 1579 450 [talari
1617 387 1668 435 id
1714 387 1822 452 est]
1870 403 2052 437 saeer-

213 471 402 520 dotali
451 486 648 520 earnem
691 487 817 535 quae
858 473 1094 536 corrupta
1132 486 1230 520 non
1272 475 1348 520 est
1396 487 1422 519 a
1469 476 1627 521 morte
1676 475 1725 522 et
1773 473 1925 522 habet
1971 490 2058 537 per

211 556 499 620 passionem
541 557 879 606 sacerdotium
921 555 1238 619 apertissime
1278 556 1538 606 traditum.

282 640 388 706 [Et
424 643 748 703 praecinctus
794 645 901 690 erat
946 641 1015 691 ad
1067 640 1321 690 mamillas
1372 658 1497 690 eona
1554 643 1753 707 [aalma]
1809 659 2058 692 mammae

2091 390 2127 441 1,
2164 389 2257 431 131)

2081 459 2340 503 IVinTz

2119 519 2219 559 lin
2251 517 2289 557 X

2096 655 2132 702 1,
2167 655 2258 694 1:30

159 743 179 775 5
215 726 310 776 duo
354 730 472 776 sunt
510 730 816 777 testamenta
856 731 906 776 et
945 743 1067 777 zona
1108 727 1291 776 ehorus
1332 731 1621 777 sanctorum
1665 732 1720 777 ut
1760 744 1935 777 aurum
1970 746 2057 793 per
2082 723 2330 765 sz'ni'=

212 812 381 878 ignem
421 813 705 877 probatum.
748 813 915 862 aliter:

284 898 440 946 Zona
487 913 662 947 aurea
710 899 1024 948 accinctus
1080 898 1336 963 pectori:
1394 899 1609 948 conflata
1657 899 1967 949 conscientia
2009 903 2057 949 et

211 999 367 1046 purus
409 983 654 1047 spiritalis
697 999 875 1033 sensus
915 984 987 1032 ita
1026 984 1244 1033 traditus
1287 986 1366 1033 est
1406 985 1652 1034 ecelesiis,

282 1067 387 1133 [Et
417 1086 476 1116 ew
508 1084 589 1117 ore
621 1068 762 1117 imus
788 1068 994 1132 §ladius
1027 1085 1085 1118 eat
1115 1072 1327 1131 utraque
1359 1072 1507 1131 parte
1538 1073 1714 1119 acutus
1743 1070 2059 1135 procedens]

2071 785 2100 822 2
2116 782 2206 822 iux
2222 798 2228 821 :
2242 780 2346 821 Hie-

2088 852 2186 879 ron.
2214 837 2316 877 (ald.

2083 917 2153 957 VI
2163 918 2211 958 in
2229 914 2260 955 i·
2280 935 2330 948 z

2121 977 2149 1014 3
2182 975 2228 1014 in
2262 973 2295 1012 X

2095 1088 2131 1133 1,
2168 1087 2260 1128 16b

141 1169 180 1200 10
212 1168 299 1217 per
362 1154 632 1217 gladium
694 1154 786 1204 bis
850 1158 1090 1204 acutum
1156 1154 1220 1203 de
1285 1169 1379 1203 ore
1444 1155 1642 1219 ipsius
1701 1156 2056 1205 emicantem
2084 1142 2348 1208 ΓῙῙῖἾῑἹῖΞ

140 1597 179 1628 15

148 2024 190 2054 *20

213 1239 498 1288 ostenditur
549 1240 720 1302 ipsum
775 1255 904 1300 esse,
961 1240 1045 1303 qui
1097 1243 1146 1289 et
1192 1255 1324 1289 nune
1365 1241 1618 1305 euangelii
1657 1241 1788 1290 bona
1830 1244 1879 1290 et
1919 1242 2059 1306 prius

210 1339 298 1387 per
336 1324 546 1389 Moysen
588 1326 717 1390 legis
759 1325 992 1374 notitiam
1034 1325 1273 1374 uniuerso
1317 1325 1423 1375 orbi
1463 1325 1689 1390 protulit.
1732 1327 1819 1375 sed
1855 1327 1974 1391 quia
2007 1343 2063 1377 ex

213 1408 387 1458 eodem
436 1410 589 1459 uerbo
632 1426 777 1460 omne
819 1426 978 1475 genus
1027 1411 1309 1460 humanum
1356 1413 1458 1459 tam
1507 1411 1696 1461 ueteris
1746 1427 1894 1475 quam
1942 1413 2063 1462 noui

210 1495 505 1543 testamenti
543 1495 893 1545 uindicaturus
943 1498 1036 1554 est,
1091 1495 1205 1545 ideo
1259 1496 1339 1544 bis
1395 1498 1576 1545 acutus
1635 1500 2062 1546 commemoratus

215 1581 308 1629 est.
366 1579 566 1643 gladius
624 1581 757 1630 enim
798 1581 1015 1630 militem
1057 1583 1233 1642 armat,
1291 1580 1493 1645 gladius
1549 1581 1750 1630 hostem
1807 1581 2062 1641 interficit,

221 1664 420 1728 gladius
483 1665 790 1716 desertorem
851 1667 1009 1731 punit.
1065 1670 1115 1716 et
1170 1667 1226 1715 ut
1281 1667 1569 1716 ostenderet
1623 1668 1886 1731 apostoliS‚
1948 1668 2067 1731 quia

220 1750 467 1799 iudicium
510 1751 858 1811 adnuntiabat,
908 1752 998 1801 ait:
1058 1767 1168 1801 non
1225 1752 1362 1800 ueni
1418 1766 1620 1814 pacem
1667 1752 1913 1801 mittere
1964 1753 2065 1803 sed

220 1835 504 1899 gladium.
548 1840 598 1886 et
629 1842 899 1901 postquam
935 1839 1380 1886 consummauerat
1410 1837 1693 1900 parabolas5
1728 1837 1797 1886 ait
1829 1837 1889 1886 ad
1922 1838 2064 1888 illos:

220 1921 627 1971 intellexistis
663 1924 892 1972 omnia?
936 1926 990 1972 et-
1025 1923 1327 1972 dixerunt:
1370 1918 1469 1972 it‘a.
1509 1926 1565 1973 et
1607 1924 1859 1973 adiecit:
1900 1940 2065 1988 prop-

224 2011 386 2056 terea
442 2007 631 2057 omnis
689 2009 889 2058 scriba
946 2009 1160 2058 doetus
1209 2009 1273 2058 de
1322 2024 1499 2074 regno
1550 2009 1642 2059 dei
1691 2009 1915 2058 similis
1974 2012 2069 2058 est

369 2174 418 2215 17
451 2174 607 2215 Matth.
645 2175 709 2225 10,
744 2176 797 2216 34
891 2177 941 2217 19
973 2175 1130 2218 Matth.
1168 2176 1233 2228 13,
1269 2177 1335 2216 51.
1370 2177 1422 2218 52

282 2273 301 2312 1
336 2274 570 2315 uestitum.
591 2307 599 2315 .
618 2275 747 2316 talari
781 2275 883 2316 add.
909 2276 947 2316 X
1063 2276 1212 2316 tunica
1244 2289 1323 2317 om.
1348 2275 1383 2317 S
1508 2276 1644 2317 talare
1669 2275 1716 2315 F
1843 2275 2064 2324 uestitum,

221 2344 375 2398 inquit,
406 2345 564 2398 podere
596 2345 641 2386 id
674 2348 740 2387 est
770 2346 899 2387 talari
930 2346 1079 2387 tunica
1110 2346 1154 2386 id
1188 2350 1254 2387 est
1286 2346 1546 2387 sacerdotali
1579 2347 1618 2391 ffi
1643 2360 1690 2400 p.
1729 2348 1790 2387 56
1937 2346 2066 2387 talari

224 2414 267 2455 id
301 2418 367 2456 est
399 2416 501 2456 add.
529 2417 565 2456 X
641 2418 665 2457 2
698 2431 782 2458 non
817 2430 897 2458 om.
921 2431 948 2471 9
1046 2417 1100 2458 ad
1131 2422 1313 2458 mortem
1339 2417 1416 2463 3513
1512 2431 1588 2472 per
1620 2431 1698 2459 om.
1732 2417 1807 2458 CB
1883 2418 1908 2458 3
1933 2418 2066 2459 tradi-

222 2487 333 2539 tum]
369 2485 621 2528 denotatum
653 2488 693 2532 §B
782 2490 808 2529 4
842 2491 1088 2529 et..aurea
1122 2488 1225 2529 add.
1258 2489 1296 2529 X
1398 2491 1627 2542 mammae]
1658 2489 1874 2529 mamillae
1910 2490 2000 2529 eius
2034 2488 2068 2530 S

224 2559 247 2598 5
282 2560 325 2597 et
357 2570 437 2599 om.
469 2558 516 2599 F
630 2573 738 2600 zona
769 2572 898 2600 aurea
929 2560 965 2600 S
1095 2564 1197 2612 post
1229 2562 1476 2600 sanctorum
1512 2560 1616 2601 add.
1649 2563 1715 2600 est
1746 2559 1782 2600 S
1925 2561 1990 2613 ut]
2024 2563 2068 2600 et

230 2628 386 2669 TAme
461 2630 484 2669 6
516 2629 724 2683 probatus
756 2630 837 2670 IK
908 2632 930 2672 7
966 2645 1114 2671 zonam
1149 2644 1319 2671 auream
1346 2628 1379 2669 Υ
1482 2631 1675 2672 accincta
1700 2631 1734 2672 S
1838 2631 2066 2671 conflatam

226 2701 533 2741 conscientiam
567 2703 610 2742 et
640 2715 794 2756 purum
827 2702 1185 2756 spiritualemque
1217 2702 1383 2743 indicat
1416 2716 1589 2743 sensum
1624 2702 1696 2755 qui
1728 2705 1779 2742 tr.
1809 2707 1875 2743 est
1908 2702 2008 2743 ecel.
2036 2702 2072 2743 S

225 2772 249 2812 9
274 2771 330 2812 Et
355 2785 427 2812 ex.
450 2803 458 2812 .
478 2772 714 2825 prosedens
749 2772 851 2814 add.
876 2773 914 2813 X
1004 2772 1139 2826 illius]
1176 2773 1265 2813 eius
1291 2773 1347 2812 M
1442 2787 1489 2814 ex
1521 2774 1634 2826 (alt.)
1658 2786 1737 2814 om.
1763 2773 1790 2813 1
1854 2774 1899 2814 11
1936 2773 2067 2826 bona]

225 2842 404 2883 uerbum
437 2842 482 2892 S,
516 2842 673 2884 donum
705 2843 786 2887 IK
879 2845 931 2884 12
964 2843 1060 2884 urbi
1098 2843 1147 2891 T,
1181 2844 1281 2884 orbe
1313 2843 1360 2884 F
1447 2846 1497 2885 13
1532 2849 1634 2885 ante
1666 2858 1788 2884 omne
1823 2844 1925 2885 add.
1958 2845 1999 2884 in
2035 2843 2072 2885 S

284 2927 410 2967 quam
434 2914 595 2955 ueteris
620 2928 748 2968 quam
772 2915 874 2956 noui
899 2915 946 2967 T,
971 2918 1061 2956 tam
1085 2915 1187 2955 noui
1213 2928 1338 2968 quarn
1362 2916 1521 2956 ueteris
1539 2915 1749 2968 JKS-Bp.
1774 2918 1831 2956 63
1895 2916 1946 2956 14
1971 2916 2066 2955 uin-

228 2984 446 3026 dicaturus
491 2985 671 3034 TDXSB,
710 2985 1098 3027 iudicaturus⁴CB
1137 2999 1232 3027 cum
1270 2987 1313 3026 A
1461 2986 1512 3028 16
1547 2992 1648 3039 post
1680 2986 1930 3028 ostenderet
1962 2987 2066 3030 add.

227 3056 419 3097 saluator
449 3057 481 3097 I
562 3061 666 3109 post
697 3057 799 3110 quia
832 3057 935 3098 add.
967 3056 1021 3098 ad
1058 3056 1098 3097 T
1186 3057 1235 3098 17
1271 3057 1597 3098 demonstrabat
1626 3058 1674 3098 F
1756 3062 1861 3110 post
1891 3058 2066 3099 mittere

229 3127 331 3167 add.
365 3127 410 3167 in
439 3130 600 3168 terram
630 3127 761 3169 DCB
791 3141 886 3169 cum
926 3128 1050 3181 Vuly.
1121 3128 1172 3169 18
1205 3129 1265 3181 et]
1301 3130 1346 3168 at
1376 3129 1513 3169 IKM
1597 3128 1855 3183 consummalv
1908 3127 2069 3168 abhinc

229 3198 342 3239 deest
355 3199 523 3251 folium
546 3199 595 3239 in
619 3199 710 3240 cod.
735 3199 781 3239 D
803 3212 939 3253 usque
961 3199 1023 3240 ad
1037 3213 1086 3251 p.
1112 3202 1185 3252 33,
1211 3202 1268 3239 16
1290 3199 1419 3253 longe
1507 3199 1757 3253 parabolam
1789 3198 1828 3239 T
1887 3199 1936 3238 19
1962 3199 2069 3238 haec

229 3270 373 3310 omnia
388 3269 468 3314 Xffi
487 3283 582 3310 cum
607 3270 732 3323 Vuly.
822 3272 865 3311 et
885 3273 1006 3320 (ante
1029 3270 1244 3321 dixerunt)
1262 3283 1341 3312 om.
1359 3269 1495 3310 IKM
1573 3270 1652 3322 ita]
1681 3269 1810 3310 etiam
1837 3268 2008 3309 domine
2026 3267 2072 3307 F

229 3340 376 3395 (etiam
415 3340 559 3394 Vuly.)
664 3344 707 3381 et
739 3341 898 3382 adiecit
929 3353 1009 3382 om.
1047 3340 1124 3381 CB
1212 3340 1266 3380 20
1299 3339 1350 3380 de
1388 3340 1535 3390 TFM,
1567 3340 1611 3380 in
1644 3344 1717 3381 cet.
1752 3353 1846 3381 cum
1886 3339 2009 3392 Vulq.

2118 1203 2221 1242 82'22
2257 1201 2288 1240 λ
