2470 3718
352 133 455 183 124
765 126 1029 168 Recensio
1063 123 1380 179 Hieronymi
1412 121 1522 163 X111
1556 122 1601 163 et
1631 119 1758 161 XVII
1793 120 1831 163 3.

159 296 223 344 13,
260 294 312 335 18
347 290 676 361 [numerus
729 287 898 338 enim
946 284 1237 337 hominis
1281 286 1399 344 est,
1443 285 1494 334 et
1533 297 1779 333 numerus
1822 281 1935 332 eius
1978 281 2053 332 sio
2092 282 2250 332 habet

125 366 314 410 ῙῙΞΦ
346 396 403 431 ex
451 377 641 428 litteris
693 375 862 443 grecis
913 375 1247 439 computatus
1290 402 1360 407 —
1408 371 1459 421 in
1509 368 1866 435 compluribus
1913 369 2251 420 inueniuntur

344 465 546 518 numeri
580 463 839 515 DCLXVI
867 482 955 522 —-;
987 464 1238 528 quantum
1275 461 1409 511 enim
1446 459 1634 510 attinet
1666 458 1729 508 ad
1760 457 1990 508 litteram
2024 473 2247 524 grec-am,

343 556 479 606 hune
521 567 792 603 numerum
836 565 1125 615 nomenque
1161 549 1401 615 explebit.
1435 547 1806 613 interpretatur
1842 546 1977 596 enim
2013 545 2246 607 ‘Teitan',

346 658 500 709 quem
549 640 771 708 gentiles
824 637 999 690 Solem
1049 637 1426 702 Phoebumque
1482 634 1764 701 appellant,
1810 636 2248 700 computaturque

345 746 495 798 grece
559 729 657 779 sie:
722 730 814 778 tau
879 725 1021 788 CCC,
1088 741 1112 776 e
1176 725 1333 775 breue
1382 723 1443 785 V,
1507 723 1616 774 iota
1670 722 1732 784 X,
1797 725 1887 772 tau
1946 721 2087 781 CCC,
2146 723 2249 773 alfa

343 820 383 882 Ι,
425 818 477 869 ni
517 818 570 875 L,
617 816 704 882 qui
754 815 910 866 simul
963 814 1106 865 ducti
1146 813 1279 863 fiunt
1314 811 1587 864 DCLXVI.
1635 811 1774 878 quod
1814 827 1999 862 nomen
2036 811 2080 862 si
2114 812 2246 861 uelis

342 907 390 957 in
448 905 671 956 latinum
734 906 1054 963 conuertere,
1113 902 1211 952 erit
1266 901 1510 952 ‘Diolux'z
1559 901 1612 951 D
1677 899 1867 966 quippe
1932 898 2245 966 quingentos

340 994 548 1061 figurat,
600 993 638 1043 I
678 1008 857 1053 unum,
915 991 959 1042 O
1003 993 1230 1052 eentum,
1271 990 1321 1039 L
1363 989 1756 1055 quinquaginta,
1814 988 1864 1037 V
1896 987 2141 1053 quinque,
2186 987 2247 1037 X

342 1083 538 1142 decem,
584 1081 672 1146 qui
715 1079 1006 1146 computati
1047 1078 1180 1129 fiunt
1222 1078 1466 1128 similiter
1506 1076 1783 1128 DCLXVI.
1826 1076 1880 1127 id
1931 1076 2065 1127 enim
2109 1075 2246 1141 quod

343 1173 493 1222 sonat
534 1169 716 1220 Teitan
759 1183 926 1235 grece,
977 1167 1022 1218 si
1070 1165 1203 1218 uelis
1252 1166 1651 1232 interpretatum
1695 1165 1882 1227 dicere,
1924 1164 2084 1215 latine
2127 1163 2246 1215 Dic-

341 1259 446 1320 lux,
514 1273 613 1322 quo
687 1256 892 1308 nomine
956 1270 1046 1321 per
1118 1254 1439 1320 antiphrasin
1511 1268 1814 1318 expressum
1885 1252 2246 1319 intellegimus

342 1346 751 1410 Antichristum;
812 1344 899 1410 qui
957 1358 1074 1394 eum
1133 1359 1159 1393 a
1215 1343 1332 1393 luce
1391 1357 1613 1407 superna
1666 1341 1905 1407 priuatus
1966 1342 2034 1392 sit
2091 1343 2245 1406 atque

342 1433 598 1494 abscisuS,
656 1432 1120 1498 transfigurat
1175 1433 1348 1481 tamen
1414 1446 1478 1481 se
1541 1430 1604 1480 in
1670 1431 1982 1496 angelum
2045 1430 2244 1491 lueiS,

343 1522 538 1573 audens
581 1538 635 1573 se
678 1522 846 1573 dicere
889 1517 1094 1589 lueemyl

485 1638 511 1678 4
546 1639 602 1691 ef.
628 1637 959 1691 Hieronymum
993 1635 1044 1676 de
1076 1647 1420 1688 monoyramma
1445 1623 1570 1674 ΧΡΙ
1598 1632 1876 1684 (Germanus
1901 1633 2077 1685 Illorim
2101 1633 2244 1676 Aneo-

340 1710 450 1753 dota
491 1711 840 1763 Mareasolana,
889 1710 980 1753 ποῖ.
1029 1709 1123 1750 ΙΙΙ
1156 1721 1273 1761 pars
1313 1707 1418 1761 ΙΙΙ,
1458 1706 1714 1749 Maredsoli
1761 1708 1901 1758 1903,
1942 1721 1991 1761 p,
2025 1710 2119 1749 196
2166 1709 2245 1751 lin.

340 1786 405 1826 27
429 1787 565 1840 sqq.).·
594 1784 852 1826 Victorinus
888 1786 1037 1825 autem
1072 1795 1122 1824 ex
1155 1782 1294 1824 altero
1331 1781 1573 1837 exemplari
1605 1780 1746 1835 (quod
1778 1794 1874 1823 non
1905 1794 2141 1824 numerum
2165 1772 2253 1840 χις’

342 1878 395 1894 2:
434 1860 536 1907 616,
570 1858 648 1901 sed
679 1854 851 1913 leig':
884 1859 980 1899 666
1014 1855 1238 1909 eoehz‘bm'i)
1272 1855 1397 1897 aliud
1429 1855 1599 1911 profert
1630 1867 1810 1904 nomen,
1844 1854 1963 1910 quod
1996 1856 2119 1898 iuxta
2145 1870 2241 1899 eum

336 1933 476 1975 solem
512 1934 656 1987 sonat,
691 1932 746 1974 ad
780 1931 1034 1986 superbiam
1070 1944 1220 1972 eorum
1255 1930 1329 1972 uel
1362 1930 1457 1972 eius
1483 1930 1558 1985 qui
1584 1929 1671 1971 sibi
1695 1928 1864 1971 indidit
1888 1928 2099 1981 referens,
2127 1930 2245 1986 quod

338 2010 406 2049 est
439 2007 587 2060 Titan,
626 2006 673 2048 id
714 2008 782 2047 est
816 2004 1059 2056 DCLXV13
1103 2005 1232 2047 euius
1272 2008 1501 2046 tractatus
1539 2007 1766 2045 auctorem
1800 2003 2020 2056 quoniam
2053 2004 2243 2047 alteram

336 2081 635 2123 recensionem
676 2079 900 2121 Victorini
932 2078 1010 2133 (11¹)
1037 2082 1144 2131 post
1175 2077 1448 2132 Hieronymi
1480 2082 1680 2131 tempora
1720 2082 1924 2119 eoeortam
1962 2077 2053 2130 ipsi
2092 2077 2241 2120 Victo-

337 2155 439 2197 rino
475 2154 700 2207 attribuit,
734 2166 874 2206 neque
907 2152 1241 2206 Hieronymum
1274 2177 1327 2180 —
1362 2151 1413 2193 id
1443 2151 1566 2205 quod
1595 2150 1743 2192 editor
1782 2150 2062 2192 clarissimus
2094 2152 2242 2205 suspi-

337 2232 470 2270 catus
503 2233 564 2270 est
599 2253 652 2257 —
686 2240 826 2281 neque
860 2226 1150 2280 coaequalem
1172 2226 1323 2279 fuisse
1356 2229 1551 2279 apparet
1645 2225 1692 2265 11
1729 2224 1890 2266 Dielux
1912 2258 1918 2265 .
1940 2258 1949 2266 .
1970 2225 2049 2267 lin.
2087 2227 2142 2266 16
2172 2225 2240 2267 lu-

340 2301 451 2355 cem]
480 2301 748 2356 ef.Beaizim
767 2315 814 2355 p.
845 2303 941 2342 442
1005 2300 1059 2341 14
1087 2300 1130 2342 11
1150 2299 1245 2342 Cor.
1276 2301 1342 2354 11,
1371 2301 1425 2341 14
1517 2299 1693 2354 Dielux]
1718 2298 2001 2340 ‘Huiusmodi
2029 2297 2239 2341 deductio

399 2405 419 2445 1
457 2403 589 2446 Beati
614 2404 771 2454 editor,
799 2403 860 2444 H.
886 2403 1066 2457 Florae,
1094 2403 1279 2444 tabulas
1303 2401 1656 2456 eomputationis
1679 2402 1915 2443 nominum
1940 2401 2089 2443 omisit
2114 2401 2238 2444 ‘adeo

338 2478 588 2519 inconsulte
622 2477 779 2527 factas,
815 2480 862 2518 ut
895 2476 1121 2532 ipsissima
1153 2476 1292 2518 semel
1323 2476 1479 2519 littera
1511 2489 1587 2531 pro
1622 2477 1814 2528 centum,
1849 2474 2011 2517 iterum
2045 2489 2121 2530 pro
2157 2475 2237 2516 du-

340 2550 480 2592 centis
529 2553 663 2604 atque
707 2550 869 2592 iterum
910 2563 988 2605 pro
1031 2550 1243 2591 trecentis
1286 2550 1517 2602 uertatur',
1560 2550 1616 2603 ef.
1654 2562 1698 2602 p.
1740 2548 1953 2590 XXXII
1987 2561 2057 2590 nr.
2099 2550 2162 2590 59
2201 2554 2239 2590 ec

330 2637 380 2677 Ζ).
417 2627 512 2666 443
605 2624 630 2664 2
664 2624 731 2677 ex}
769 2627 811 2664 et
845 2623 898 2664 H
1017 2625 1321 2678 computatum
1355 2622 1410 2664 H
1520 2623 1545 2664 3
1580 2622 1696 2664 enim
1729 2635 1812 2664 om.
1845 2622 1947 2664 FH
2030 2623 2059 2664 4
2093 2622 2237 2677 exple-

338 2696 406 2737 bit
438 2696 531 2748 JK,
566 2696 762 2750 expleuit
792 2696 988 2742 FHMQ
1144 2695 1259 2737 enim
1293 2708 1376 2738 om.
1411 2695 1462 2736 H
1610 2697 1737 2750 tytan
1771 2694 1833 2745 K,
1866 2695 1983 2737 titan
2017 2693 2126 2748 1M;
2157 2695 2239 2737 hoc

336 2782 498 2812 nomen
529 2769 803 2811 Aiiacem-ista·
833 2770 883 2812 in
922 2770 1117 2811 medinm
1148 2770 1346 2823 protulit
1377 2770 1601 2811 Irenaeus
1642 2769 1749 2812 ada.
1783 2769 1986 2811 haereses
2025 2767 2067 2810 V
2096 2772 2173 2822 30,
2210 2772 2238 2811 3

339 2849 378 2886 et
406 2843 684 2898 Hippolytus
711 2844 762 2885 cle
788 2843 1072 2886 Antichristo
1099 2845 1225 2885 ex50
1244 2843 1527 2898 propayaait
1589 2845 1613 2884 5
1642 2843 1788 2897 quem]
1819 2841 1937 2896 quod
1954 2841 2032 2883 IK
2093 2844 2117 2885 6
2143 2856 2234 2896 sqq.

337 2917 436 2959 FH
459 2917 577 2958 duas
602 2916 787 2958 tabulas
808 2929 1098 2959 numerorum
1121 2917 1452 2970 superscriptas
1469 2916 1636 2958 Graece
1655 2916 1816 2957 Latine
1843 2920 1883 2957 et
1906 2916 2041 2957 iuxta
2058 2916 2237 2969 positas

339 2991 519 3033 addunt
545 2995 677 3044 atque
700 2991 769 3032 ita
795 2991 1041 3044 explicant,
1067 2994 1118 3032 ut
1142 2990 1190 3032 F
1206 3003 1369 3032 nomen
1389 2990 1562 3041 Teitan,
1587 2988 1641 3030 H
1668 3003 1830 3032 nomen
1854 2989 2029 3038 Teltan‚
2052 2994 2237 3042 uterque

337 3064 476 3107 codex
506 3076 668 3106 nomen
692 3063 852 3105 Dielux
881 3063 1120 3117 praebeam·
1146 3062 1206 3104 M
1234 3063 1412 3105 litteras
1439 3076 1627 3118 yraeeas
1657 3062 1785 3104 haud
1815 3062 2074 3116 intelleyens
2098 3074 2233 3115 prae-

339 3138 525 3180 termisit
615 3136 750 3178 breue
775 3136 818 3185 Ι,
851 3136 946 3178 btie
970 3136 1024 3177 K
1098 3137 1120 3177 7
1155 3130 1269 3178 fiunt
1301 3149 1384 3178 om.
1415 3135 1464 3176 F
1552 3134 1688 3189 quod]
1724 3134 1768 3176 id
1802 3134 1855 3175 K
1925 3135 1951 3176 8
1985 3136 2159 3176 uertere
2191 3133 2239 3175 F

397 3210 482 3251 erit
504 3223 586 3251 om.
612 3208 661 3249 F
728 3209 780 3250 10
807 3208 1014 3251 similiter
1040 3222 1122 3251 om.
1148 3208 1197 3250 F
1265 3209 1313 3250 11
1342 3211 1473 3264 tytan
1498 3207 1558 3262 K,
1582 3208 1698 3250 titan
1723 3207 1813 3250 IM
1898 3207 2061 3261 interp.
2088 3205 2232 3247 dicere

336 3283 490 3337 latine]
524 3284 568 3324 in
601 3283 789 3324 latinum
815 3283 1099 3338 interpretari
1123 3282 1208 3324 JK
1319 3283 1371 3324 12
1406 3295 1608 3338 expresso
1641 3282 1726 3323 IK
1844 3282 1899 3323 14
1931 3280 2151 3323 abscissus
2187 3279 2239 3319 H

397 3371 492 3399 sese
518 3357 566 3398 F
683 3371 727 3398 se
760 3359 911 3399 tamen
945 3356 979 3398 I
1069 3357 1122 3399 15
1157 3370 1253 3399 sese
1286 3356 1334 3398 F
1450 3357 1612 3411 lucem]
1647 3357 1796 3398 lumen
1831 3355 1914 3397 JK

2280 1087 2322 1120 10

2278 1529 2319 1562 15
