2470 3718
259 214 362 264 XII
867 224 1565 280 ProlcgomenaII—Z.

259 411 363 445 non
398 399 569 444 tamen
601 392 918 460 persuaderi
950 396 1157 459 poterat
1183 393 1398 458 factum
1429 408 1536 442 esse
1575 391 1636 442 de
1676 392 1858 457 nihilo,
1892 410 2169 460 argyumen-

260 488 445 537 tontes,
480 483 605 549 quia
638 482 886 532 uoluntas
917 481 1000 531 dez·
1033 481 1169 531 mihil
1200 497 1305 531 esse
1339 497 1440 530 non
1465 481 1652 546 possit.
1694 479 1784 530 hoc
1807 497 1976 547 paene
2010 498 2171 550 usque

260 587 398 621 nune
443 573 619 620 manet
668 563 859 633 (CSEL
912 565 996 627 18,
1049 562 1193 633 155).
1247 565 1310 615 ad
1359 564 1488 615 haec
1537 580 1667 629 quae
1716 564 2048 632 Augustinus
2097 582 2170 617 re-

262 654 545 720 sponderit,
566 670 686 704 cum
713 653 929 704 sentiret
955 669 1011 703 ex
1035 652 1351 704 Priscilliani
1370 652 1573 703 haeresi
1600 651 1664 702 ad
1685 668 1908 703 errorem
1929 652 2169 720 Origenis

261 743 516 808 quosdam
542 742 708 793 fuisse
735 742 994 808 delapSOS‚
1018 757 1202 808 operae
1221 741 1448 807 pretium
1478 743 1560 792 est
1583 741 1632 791 in
1654 740 1943 809 Augustini
1961 742 2169 809 scriptis

259 833 526 899 perlegere
560 830 726 900 (XLII
753 831 1043 882 coe—678
1071 828 1165 899 Μ).
1200 830 1298 882 hoc
1332 845 1495 880 unum
1529 829 1660 880 addo
1689 829 2019 881 Victorinum
2053 847 2171 882 cum

261 919 485 986 Origene
519 922 878 985 comparatum
911 922 1148 970 nostrum
1178 934 1293 969 esse
1325 918 1764 969 Petauionensem
1799 916 1887 987 (cf.
1913 919 2172 980 Harnack‚

268 1013 569 1064 Gescleiehte
610 1012 703 1062 der
742 1012 927 1062 altaha».
953 1010 1084 1062 Litt.
1112 1007 1162 1057 II
1187 1007 1238 1068 2,
1281 1023 1330 1073 p.
1358 1007 1463 1058 427
1491 1008 1599 1057 not.
1627 1005 1699 1074 2),
1737 1022 1838 1058 non
1867 1006 1919 1059 O.
1946 1007 2171 1058 Marium

261 1096 589 1147 Victorinum
623 1097 825 1157 Afrum,
862 1112 1014 1161 quem
1051 1093 1173 1146 Otto
1208 1095 1586 1146 Bardenhevver
1616 1094 2030 1162 intellegendum
2057 1111 2172 1146 esse

262 1184 467 1236 censuit
492 1186 813 1250 (Gesehiehte
839 1189 930 1239 der
963 1187 1226 1239 attkirclzl.
1253 1187 1361 1238 Lit.
1389 1183 1491 1247 112,
1515 1200 1563 1249 p.
1595 1184 1698 1233 659
1726 1187 1830 1234 not.
1860 1182 1928 1251 1).
1956 1184 2169 1235 alteram

259 1276 439 1323 autem
479 1273 792 1323 mentionem
827 1272 1124 1323 inuenimus
1173 1271 1225 1321 in
1276 1271 1505 1338 epistula
1544 1270 1862 1338 Hieronymo
1912 1273 2045 1324 falso
2088 1273 2172 1323 ad-

262 1362 473 1426 scripta,
492 1377 622 1426 quae
642 1361 946 1412 inscribitur
962 1365 1061 1432 Ep.
1075 1365 1149 1414 37
1164 1381 1251 1415 seu
1270 1365 1512 1432 dialoqus
1529 1365 1621 1415 sub
1640 1366 1847 1415 nomine
1858 1364 2172 1433 Hieronymi

259 1458 308 1503 et
334 1454 622 1521 Auyusttrci
658 1454 717 1503 de
743 1454 942 1521 oriytrce
967 1454 1273 1503 (mimarum
1308 1465 1418 1514 Cap.
1449 1450 1476 1498 7
1507 1448 1675 1515 (XXX
1702 1450 1806 1498 263
1834 1449 1933 1513 M):
1975 1453 2174 1504 Beatus

259 1544 437 1609 ‘itaque
478 1542 836 1609 Hieronymus
876 1546 984 1592 tam
1024 1546 1263 1592 sanetum
1311 1541 1641 1591 Victorinum
1684 1545 1975 1607 martyrem
2016 1559 2169 1609 quam
2211 1526 2213 1528 .

260 1631 528 1698 plerosque
553 1630 828 1680 catholicos
853 1634 1056 1680 secutus
1081 1646 1131 1680 36
1151 1630 1462 1696 potiusfieri
1483 1646 1637 1697 quam
1651 1630 1946 1697 propccyari
1963 1631 2174 1680 animas

264 1745 331 1748 w-
360 1719 641 1769 seeundum
660 1719 813 1783 illud,
835 1718 970 1785 quod
985 1719 1044 1769 in
1061 1719 1329 1786 euangyetz'o
1349 1719 1604 1785 seriptum·
1623 1722 1722 1768 est:
1763 1717 1813 1767 P
1821 1737 1854 1767 α
1871 1722 1889 1767 t
1904 1734 1927 1768 6
1941 1737 1971 1768 r
1998 1736 2049 1767 m
2063 1735 2087 1768 6
2101 1735 2134 1768 u
2152 1736 2175 1769 3

263 1807 596 1873 quotidie
652 1811 1016 1873 operatur,
1075 1810 1136 1857 et
1191 1824 1306 1874 690
1362 1823 1619 1874 operor
1675 1802 1898 1870 ([01].5,
1945 1802 2036 1871 17)
2098 1833 2169 1839 --

259 1894 465 1945 eredere
497 1896 835 1963 siynfficam't.
868 1889 959 1941 sed
994 1896 1119 1942 haec
1151 1891 1424 1941 hactenus,
1459 1905 1595 1941 nunc
1630 1889 1690 1941 de
1717 1889 1976 1942 Victorini
2009 1890 2175 1955 patria

260 1983 316 2029 et
356 1982 523 2030 aetate
567 1979 974 2044 disputabimus.

337 2143 383 2193 2.
407 2142 758 2207 Hieronymus
780 2141 1106 2193 Victorinum
1137 2141 1367 2208 appellat
1392 2142 1827 2193 Petauionensem
1856 2141 2174 2208 episcopum.

262 2229 518 2280 Poetouio
568 2232 744 2281 autem
796 2228 894 2297 (sic
943 2231 1088 2281 tituli
1135 2231 1185 2281 in
1235 2231 1349 2297 ipso
1401 2231 1591 2298 oppido
1642 2231 1728 2281 uel
1776 2246 1935 2296 prope
1984 2229 2175 2294 reperti

262 2333 460 2380 omneS‚
509 2318 662 2370 hodie
721 2319 928 2370 cPettau
984 2319 1035 2369 in
1092 2318 1470 2387 Steierma1·k²]).
1523 2318 1769 2384 oppidum
1829 2319 1892 2368 ad
1942 2318 2174 2368 Drauum

261 2406 453 2456 flumen
495 2406 673 2468 situm,
708 2407 936 2472 primum
977 2409 1299 2458 memoratur
1330 2407 1468 2473 apud
1503 2407 1743 2457 Tacitum
1788 2406 1910 2457 hist.
1938 2405 2017 2456 III
2060 2407 2086 2456 1
2123 2405 2174 2455 in

260 2495 559 2545 enarrandis
600 2495 755 2546 rebus
798 2496 961 2562 gestis
996 2511 1037 2548 a.
1063 2512 1109 2561 p.
1139 2496 1258 2548 Chr.
1287 2496 1372 2555 69,
1408 2495 1545 2546 unde
1586 2494 1915 2561 intellegitur
1947 2510 2005 2545 eo
2047 2496 2174 2545 tem-

261 2599 384 2648 pore
424 2584 638 2634 hiberna
676 2583 750 2634 ibi
797 2583 1045 2635 habuisse
1093 2584 1355 2651 legionem
1407 2584 1535 2635 XIII
1577 2583 1861 2651 geminam3
1908 2583 2175 2634 succreuit

260 2671 427 2738 igitur
460 2672 665 2723 omnino
703 2675 760 2722 ut
793 2673 1040 2739 pleraque
1068 2673 1169 2723 alia
1194 2673 1376 2723 harum
1414 2673 1640 2739 partium
1672 2672 1861 2738 oppida
1896 2688 1955 2722 ex
1990 2672 2174 2722 castris

261 2760 591 2826 canabisque.
626 2758 880 2812 Poetouio
916 2763 1091 2812 autem
1126 2761 1358 2812 coloniae
1392 2761 1614 2812 formam
1649 2760 1852 2826 accepit
1878 2775 1906 2809 a
1931 2759 2172 2819 Traiano;

264 2863 382 2898 nam
417 2848 619 2900 colonia
644 2849 798 2915 leia
830 2849 1266 2901 Poetouionensis
1296 2866 1353 2900 ex
1378 2849 1649 2901 Pannonia
1682 2848 1947 2914 superiore
1983 2847 2175 2898 dicitur

264 2935 316 2985 in
358 2936 515 2988 titulo
557 2954 602 2987 n.
632 2938 735 2989 753
772 2936 861 3005 (cf.
896 2937 1047 3004 Corp.
1074 2939 1233 2989 Inscr.
1269 2939 1383 2989 Lat.
1418 2939 1495 2989 III
1539 2939 1565 2989 1
1607 2954 1658 3003 p.
1687 2938 1790 2988 142
1820 2939 1871 2988 et
1896 2933 2041 3005 510).
2081 2951 2175 2987 nec

264 3024 436 3074 solum
457 3041 641 3076 nomen
664 3025 896 3076 coloniae
923 3026 969 3077 ei
995 3027 1310 3078 attributum
1337 3042 1467 3090 esse,
1495 3026 1586 3078 sed
1605 3026 1818 3077 colonos
1841 3040 1898 3076 eo
1919 3024 2173 3075 deductos

263 3127 324 3161 ex
356 3112 510 3163 Italia
535 3114 723 3165 titulus
751 3130 798 3165 n.
827 3115 967 3165 4057
997 3112 1070 3181 (p.
1099 3113 1231 3184 516)
1259 3114 1422 3167 docet.
1466 3116 1641 3165 utrum
1667 3114 1772 3164 iarn
1798 3113 1850 3163 in
1878 3128 2057 3164 eorum
2083 3129 2175 3164 nu-

265 3215 405 3252 mero
428 3200 711 3252 Christiani
737 3201 933 3253 fuerint
958 3218 1019 3252 an
1039 3202 1248 3253 aliunde
1275 3202 1403 3254 fides
1424 3201 1718 3254 Christiana
1737 3217 1795 3252 eo
1816 3202 2070 3253 translata
2089 3201 2175 3263 sit,

265 3290 548 3347 nescimus,
612 3290 992 3342 Poetouionem
1030 3291 1347 3357 pertinuisse
1390 3291 1454 3342 ad
1493 3290 1815 3342 Pannoniam
1856 3290 2175 3355 superiorem

267 3393 433 3444 usque
467 3378 531 3428 ad
565 3377 964 3430 Constantinum
996 3378 1268 3446 Magnum,
1303 3383 1486 3445 quarto
1522 3380 1698 3430 autem
1740 3378 1949 3429 saeculo
1983 3377 2173 3429 finibus

265 3465 443 3518 Norici
467 3465 833 3517 mediterranei
868 3467 1305 3533 comprehensum
1330 3467 1497 3518 fuisse
1530 3466 1676 3518 tituli
1715 3466 1931 3533 plurimi
1970 3465 2173 3531 aliaque
