2470 3718
346 123 376 172 6
1156 120 1449 164 Tractatus

419 281 569 332 Iesus
627 296 835 347 quoque
896 281 1044 332 Naue
1110 296 1385 333 successor
1440 281 1613 349 Moysi
1678 287 1729 334 et
1791 284 1904 351 ipse
1968 286 2248 338 sabbatum

343 368 580 419 resoluit.
639 368 719 420 die
777 369 909 419 enim
970 368 1176 420 sabbati
1229 369 1495 435 praecepit
1549 370 1672 421 filiis
1729 371 1905 435 Israel,
1963 376 2022 424 ut
2067 390 2245 426 muros

345 455 577 507 ciuitatis
618 455 866 508 Hiericho
922 456 1246 508 tubicinibus
1296 457 1575 509 circuirent
1623 461 1674 509 et
1719 459 1918 511 bellum
1968 461 2246 529 allophylis

344 543 647 596 indicarent.
691 544 944 596 Matthias
987 547 1161 596 autem
1205 545 1443 611 princeps
1485 546 1645 598 Iudae
1694 548 1969 599 sabbatum
2010 550 2246 601 resoluit.

344 647 463 682 nam
503 633 825 699 praefectum
866 633 1113 684 Antiochi
1152 633 1292 700 regis
1336 633 1512 699 Syriae
1555 635 1771 687 sabbato
1817 637 2009 688 occidit
2062 634 2106 702 lf.
2144 637 2240 702 73'5

346 721 397 770 et
452 719 742 786 allophylos
801 736 896 771 sua
952 720 1311 786 persecutione
1370 720 1610 772 subiecit.
1668 724 1720 773 et
1769 724 1907 789 apud
1947 725 2246 777 Mattheum

347 808 599 873 scriptum
625 808 870 876 legimus
891 808 1071 859 Esaias
1092 825 1297 874 quoque
1319 812 1369 861 et
1389 811 1543 861 ceteri
1566 812 1799 879 collegae
1827 812 1937 864 eius
1967 814 2243 867 sabbatum

344 897 691 959 resoluerunt,
762 899 822 946 ut
875 911 1060 947 uerum
1115 896 1247 947 illud
1306 899 1356 947 et
1411 896 1612 949 iustum
1676 899 1954 950 sabbatum
2020 903 2243 968 septimo

345 985 568 1036 miliario
604 1000 854 1036 annorum
889 986 1268 1036 obseruaretur.
1304 987 1643 1051 quamobrem
1679 990 1881 1053 septem
1917 988 2098 1042 diebus
2125 991 2244 1042 istis

345 1073 586 1124 <lominus
637 1073 845 1141 singula
885 1074 1030 1124 milia
1070 1089 1319 1125 annorum
1362 1074 1680 1142 adsignauit.
1732 1076 1806 1127 sic
1849 1076 1985 1127 enim
2029 1081 2241 1130 cautum

345 1164 447 1213 est:
505 1161 562 1212 in
621 1162 820 1213 oculis
878 1162 1023 1224 tuis,
1082 1162 1347 1225 domine,
1405 1163 1577 1214 mille
1635 1164 1774 1215 anni
1824 1168 1891 1216 ut
1932 1165 2065 1217 dies
2107 1184 2239 1219 una.

346 1266 466 1317 ergo
522 1251 570 1300 in
631 1251 796 1302 oculis
854 1251 935 1301 dei
993 1251 1200 1318 singula
1251 1251 1395 1302 milia
1443 1267 1692 1304 annorum
1751 1254 2040 1305 constituta
2097 1258 2241 1307 sunt:

345 1341 549 1405 septem
592 1339 727 1390 enim
767 1339 932 1389 habeo
983 1340 1164 1390 oculos
1207 1339 1420 1390 domini.
1462 1345 1792 1407 quapropter,
1841 1344 1900 1391 ut
1939 1344 2243 1405 memoraui,

344 1443 524 1478 uerum
560 1427 692 1478 illud
726 1427 1003 1478 sabbatum
1040 1430 1120 1479 est
1153 1428 1436 1494 septimum
1468 1429 1768 1492 miliarium,
1795 1430 1844 1480 in
1874 1447 1973 1497 quo
2002 1431 2242 1484 Christus

347 1532 463 1567 cum
506 1517 686 1567 electis
729 1516 837 1567 suis
879 1519 1191 1582 regnaturus
1235 1519 1331 1568 est.

422 1603 632 1671 Septem
668 1620 871 1670 quoque
907 1604 1035 1655 caeli
1070 1601 1231 1675 [sunt]
1268 1589 1374 1656 illis
1411 1605 1593 1657 diebus
1630 1607 1962 1658 conueniunt.
1997 1608 2071 1659 sic
2107 1609 2242 1659 enim

347 1695 558 1745 cautum
595 1695 692 1743 est:
735 1692 924 1744 uerbo
969 1692 1200 1743 domini
1243 1694 1403 1744 caeli
1444 1694 1684 1745 firmati
1728 1698 1871 1745 sunt
1912 1698 1970 1747 et
2013 1697 2242 1762 spiritu

349 1781 472 1833 oris
515 1781 646 1832 eius
691 1781 885 1832 omnis
928 1781 1133 1832 uirtus
1177 1798 1399 1833 eorum.
1443 1782 1497 1833 hi
1532 1785 1732 1848 septem
1767 1783 2000 1849 spiritus
2036 1785 2244 1837 nomina

348 1873 470 1922 sunt
511 1886 688 1921 eorum
731 1870 965 1937 spiritUS,
1008 1870 1095 1936 qui
1138 1887 1293 1936 supra
1328 1869 1595 1922 Christum
1631 1871 1713 1923 dei
1753 1872 2142 1938 requieuerunt,
2185 1878 2244 1925 ut

348 1959 485 2024 apud
524 1958 731 2009 Esaiam
773 1959 1081 2024 proplietam
1125 1961 1336 2009 cautum
1386 1962 1489 2010 est:
1549 1961 1608 2010 et
1661 1960 2011 2026 requiescit
2060 1978 2243 2028 super

349 2062 483 2097 eum
534 2046 800 2112 spiritus
851 2047 1203 2112 sapientiae
1246 2050 1304 2098 et
1344 2047 1738 2110 intellectus,
1800 2048 2067 2113 spiritus
2110 2064 2241 2101 con-

350 2134 484 2186 silii
543 2141 599 2185 et
662 2135 944 2197 uirtutis,
1011 2135 1280 2201 spiritus
1347 2135 1653 2187 scientiae
1721 2139 1779 2188 et
1840 2136 2122 2204 pietatiS,
2186 2140 2243 2188 et

347 2224 623 2289 repleuit
654 2223 832 2274 illum
869 2223 1137 2288 spiritus
1171 2224 1418 2275 timoris
1454 2224 1565 2276 dei.
1597 2240 1864 2275 summum
1892 2241 2013 2292 ergo
2041 2225 2242 2277 caelum

348 2310 651 2377 sapientiae,
716 2311 1001 2362 secundum
1056 2311 1377 2374 intellectus,
1440 2312 1655 2363 tertium
1714 2312 1936 2373 consilii,
2001 2315 2240 2379 quartum

347 2399 579 2460 uirtutis,
621 2399 860 2465 quintum
903 2400 1166 2463 scientiae,
1211 2403 1414 2451 sextum
1446 2400 1679 2467 pietatiS,
1721 2400 2005 2467 septimum
2037 2400 2241 2452 timoris

350 2487 447 2538 dei.
492 2504 547 2538 ex
581 2487 678 2539 hoc
714 2503 832 2555 ergo
866 2488 1097 2540 tonitrua
1128 2489 1391 2556 mugiunt,
1433 2489 1654 2541 fulmina
1688 2488 2051 2552 extenduntur,
2091 2489 2240 2556 ignes

495 2660 520 2700 2
556 2660 606 2704 cf.
641 2659 725 2702 Ios.
760 2661 799 2710 6,
834 2661 875 2706 3.
909 2661 961 2703 15
1056 2662 1080 2702 5
1108 2660 1163 2703 cf.
1188 2661 1209 2703 Ι
1232 2661 1375 2707 Mach.
1409 2662 1450 2716 2,
1477 2662 1547 2704 24.
1582 2662 1652 2704 25.
1685 2662 1756 2704 40.
1789 2661 1842 2704 41
1933 2662 1957 2703 6
1992 2660 2046 2703 cf.
2078 2660 2242 2702 Matth.

349 2732 417 2782 12,
446 2734 558 2776 3—:3
638 2736 660 2776 7
689 2733 740 2775 cf.
767 2734 887 2776 Esai.
917 2735 953 2786 1,
984 2734 1059 2784 13;
1089 2734 1165 2777 Os.
1190 2736 1230 2790 2,
1259 2736 1308 2777 11
1339 2738 1423 2778 etc.
1505 2736 1554 2777 11
1583 2734 1655 2777 Ps.
1684 2735 1754 2789 89,
1778 2736 1807 2777 4
1887 2736 1939 2777 13
1966 2734 2019 2776 cf.
2046 2733 2175 2776 Zach.
2201 2734 2244 2784 4,

351 2806 422 2857 1Ο;
457 2806 593 2862 Apoc.
627 2809 666 2859 5,
700 2808 725 2849 6
820 2809 872 2849 15
907 2808 961 2850 cf.
993 2809 1131 2863 Apoc.
1163 2810 1235 2863 20,
1269 2810 1294 2852 6
1391 2810 1440 2851 17
1475 2808 1549 2854 Ps.
1584 2810 1655 2862 32,
1689 2810 1715 2851 6
1807 2809 1863 2851 20
1895 2807 2018 2850 Esai.
2055 2808 2123 2861 11,
2150 2808 2189 2850 2.
2218 2807 2243 2848 3

410 2910 430 2951 1
466 2909 590 2951 Iesus
623 2909 750 2951 Naue
784 2923 1012 2952 successor
1042 2911 1201 2966 Moysi]
1234 2911 1338 2953 item
1371 2911 1561 2965 exempli
1600 2923 1743 2953 causa
1784 2909 1832 2951 in
1864 2908 2138 2952 tractatibus
2167 2907 2246 2963 qui

349 2983 567 3025 dicuntur
606 2982 810 3038 Oriqem’s
843 2983 929 3035 (ed.
962 2984 1176 3038 Batiffol)
1202 2999 1252 3039 p.
1288 2988 1367 3038 88,
1401 2987 1460 3026 16
1580 2984 1606 3025 2
1639 2983 1724 3025 isrl‘
1754 2983 1797 3025 L
1909 2983 1935 3025 3
1967 2981 2177 3037 hyericho
2203 2980 2246 3023 L

349 3056 526 3098 allofilis
551 3055 593 3097 L
654 3056 681 3097 4
706 3056 942 3112 Matthias]
964 3056 1242 3100 Mathathias
1276 3058 1402 3112 ναῖς).
1475 3058 1499 3098 5
1523 3056 1752 3111 Antiochi]
1780 3055 1953 3111 antiqui
1977 3054 2020 3096 L
2082 3055 2107 3097 6
2134 3054 2244 3097 allo-

347 3127 495 3184 philos
520 3128 562 3169 L
640 3129 663 3169 7
698 3128 857 3183 collegi
882 3128 924 3170 L
999 3129 1025 3171 8
1059 3131 1127 3185 ut]
1163 3130 1220 3172 Et
1250 3130 1292 3172 L
1372 3131 1424 3173 13
1456 3129 1601 3172 habeo
1635 3149 1689 3163 =
1722 3127 1811 3186 ’ἔχω
1835 3141 1925 3183 pro
1957 3131 2104 3182 teneo,
2138 3128 2245 3179 scio,

348 3201 542 3252 inuenio,
581 3202 637 3255 cf.
680 3199 815 3258 ἄλλην
857 3200 970 3258 ὁδὸν,
1011 3201 1225 3259 σωτηρίαν
1266 3201 1379 3260 ’ἔχειν
1533 3203 1587 3245 14
1627 3206 1695 3245 est
1733 3203 1973 3258 septimum
2004 3200 2245 3243 miliarium

348 3271 522 3329 scripsi,
558 3277 602 3316 et
635 3277 804 3330 septem
839 3275 964 3317 milia
996 3276 1101 3317 anni
1131 3275 1174 3317 L
1274 3278 1328 3320 16
1362 3279 1466 3318 sunt
1499 3276 1583 3319 dez.
1615 3289 1655 3319 w
1749 3276 1801 3319 18
1834 3275 1898 3317 nii
1919 3273 1962 3316 L
2066 3274 2122 3316 23
2156 3273 2245 3328 spi-

349 3348 437 3390 ritu
471 3347 513 3390 L
605 3348 661 3390 24
694 3349 936 3403 sapientia3
970 3349 1011 3390 L
1103 3350 1158 3393 25
1192 3350 1400 3402 scientia3
1437 3349 1479 3391 L
1570 3349 1625 3392 26
1658 3349 1841 3392 fiumina
1872 3348 1912 3390 L

2276 1091 2323 1125 10

2274 1529 2319 1564 15

2273 1972 2317 2005 20

2274 2413 2317 2447 25
