2470 3718
332 105 401 156 80
968 110 1159 155 Editio
1194 113 1473 169 Victorini
1506 117 1602 160 VII.

387 260 459 303 De
499 263 724 307 Victorini
756 266 965 319 editione,
999 271 1122 324 quod
1155 273 1318 316 attinet
1353 275 1417 317 ad
1441 289 1538 331 cap.
1575 278 1654 332 VI,
1689 280 1990 334 conferantur
2021 299 2138 340 quae
2171 290 2233 330 ad

322 347 429 389 pay.
469 337 544 390 76,
578 339 609 378 2
648 338 991 384 adnotauimus.
1031 345 1307 389 recensionis
1345 348 1620 404 Hieronymi
1659 365 1758 407 cap.
1800 354 1875 397 VI
1899 363 2000 400 sect.
2037 363 2080 413 8,
2114 375 2229 415 qnae

326 406 377 449 in
418 407 618 452 aduersa
654 412 831 467 payina
871 415 951 460 lin.
997 419 1118 460 6-9
1156 426 1538 477 repraesentatur,
1579 437 1631 467 εκ
1675 426 1856 470 Ticonii
1894 436 2230 477 commentariis

327 478 594 536 deprompta
627 489 777 528 coestat
807 487 859 529 in
884 488 1241 545 Ps.-Au9u‘stini
1272 493 1425 536 homil.
1450 496 1501 537 in
1527 496 1718 551 Apocat.
1752 499 1824 542 VI
1843 503 2059 556 (XXXV
2080 509 2226 551 2427.

326 554 460 595 2428
492 554 559 598 bis
590 555 678 611 M),
706 559 835 612 apud
853 559 1137 605 Primasiurn
1161 564 1414 618 (LXVIII
1433 570 1531 611 854
1554 569 1643 625 M),
1672 573 1800 627 apud
1823 575 2021 619 Beatum
2040 593 2087 633 p.
2115 583 2224 624 357.

1144 722 1270 768 CAP.
1304 725 1402 768 VH.

186 803 228 852 7,
262 805 287 845 2
394 801 698 873 Angelum
726 810 901 859 autem
929 809 1410 866 descendentem
1444 817 1512 868 ab
1550 819 1788 872 oriente
1824 825 1982 875 sole:
2018 826 2225 879 Heliam

320 890 627 955 prophetam
671 893 812 957 dicit,
858 897 946 962 qui
987 899 1370 966 anticipaturus
1413 906 1493 955 est
1533 908 1769 973 tempora
1810 909 2120 964 Antichristi
2162 917 2225 966 ad

317 978 668 1032 restituendas
689 984 937 1037 ecclesias
965 988 1017 1037 et
1043 988 1382 1043 stabiliendas
1411 993 1472 1044 ab
1499 993 1818 1048 intolerabili
1842 1001 2221 1065 persecutione.

318 1065 443 1117 haec
457 1067 508 1118 in
528 1070 794 1134 apertione
813 1073 932 1124 libri
952 1076 1004 1125 et
1022 1077 1218 1128 ueteris
1237 1080 1547 1133 testamenti
1566 1086 1617 1134 et
1636 1099 1800 1137 nouae
1818 1087 2221 1153 praedicationis
2277 1096 2295 1130 5

316 1153 567 1220 legimus3
613 1157 686 1208 ait
726 1159 864 1210 enim
908 1161 1149 1216 dominus
1191 1181 1282 1232 per
1313 1167 1655 1223 Malachiam:
1699 1189 1842 1225 ecce
1885 1191 1994 1244 ego
2037 1177 2219 1230 mitto

315 1241 498 1295 uobis
540 1244 784 1298 Heliam
828 1249 1199 1321 Thesbitem
1235 1261 1602 1310 conuertere
1645 1262 1827 1313 corda
1867 1266 2114 1329 patrum
2150 1268 2220 1317 ad

463 1415 487 1457 6
519 1415 624 1458 Mai.
657 1419 698 1471 4,
733 1420 773 1461 5.
807 1421 832 1463 6

371 1517 396 1558 5
432 1518 678 1575 apertione]
712 1522 966 1576 perditione
998 1527 1042 1568 A
1216 1543 1360 1574 nouae
1392 1532 1568 1589 scripsi,
1602 1537 1710 1578 noui
1743 1538 1785 1579 A
1938 1540 1962 1581 6
1997 1540 2128 1583 mitto
2163 1561 2216 1578 =

310 1587 563 1630 ἀποστέλλω
597 1591 723 1634 LXX
