2470 3718
767 240 1223 293 Prolegomena
1267 237 1333 278 ΙΙΙ
1364 237 1413 278 A.
1804 224 1994 273 XXXV

219 400 349 451 Aliis
389 399 516 450 locis
558 399 643 448 alii
682 400 842 448 testes
882 396 1189 447 recensionis
1221 395 1518 459 Hieronymi
1557 395 1997 458 posteriorumque

145 487 514 545 recensionum,
556 485 616 534 de
658 485 841 549 quibus
880 486 1061 547 postea
1099 497 1323 547 agemus,
1355 496 1470 530 cum
1503 481 1808 530 lectionibus
1843 496 1869 529 a
1894 495 1995 530 cor-

147 574 339 622 rectore
377 572 427 620 in
467 571 691 635 margine
739 570 990 619 adnotatis
1031 567 1378 622 consentiunt:
1421 566 1534 615 aliis
1573 581 1762 615 nouum
1805 565 1997 629 aliquid

147 659 568 722 repraesentatur.
607 657 661 706 id
698 656 778 705 his
820 654 1062 718 exemplis
1103 653 1501 702 demonstratur:

219 800 259 839 p.
286 787 353 833 22,
395 785 439 826 3:
486 785 549 825 Et
591 796 706 824 cona
753 783 908 823 chorus
952 785 1205 821 sanctorum
1252 783 1291 820 et
1338 791 1495 819 aurum
1536 790 1617 830 per
1659 777 1801 831 ignem
1836 777 1999 829 proba-

149 863 240 898 tum
272 877 325 892 Ξ
358 856 450 897 cod.
477 856 509 896 T
544 860 601 908 (p.
628 855 697 903 23,
730 856 753 894 5
786 856 895 906 not.)

220 959 260 998 p.
286 945 352 996 26,
386 944 429 984 6:
462 945 487 993 †
518 942 648 982 aliter
679 939 972 981 adorauimus
1000 938 1051 979 in
1083 938 1176 979 loco
1208 956 1261 972 τ-
1295 936 1387 978 cod.
1412 935 1447 976 F
1481 939 1539 989 (p.
1565 936 1631 984 27,
1666 935 1691 975 6
1723 936 1835 987 not.)

220 1045 261 1084 p.
285 1030 354 1081 20,
387 1028 432 1071 5:
466 1027 708 1069 incredulis
740 1030 886 1067 autem
916 1023 1169 1065 incendium
1201 1042 1254 1057 z
1288 1022 1381 1063 cod.
1408 1022 1434 1063 S
1467 1024 1523 1075 (p.
1552 1022 1620 1073 21,
1656 1021 1707 1062 12
1738 1022 1846 1072 not.)

223 1131 262 1170 p.
287 1115 355 1167 24,
394 1115 465 1155 14:
503 1117 528 1165 †
560 1113 692 1153 aliter
729 1112 778 1151 in
815 1110 1059 1151 nouissimo
1091 1128 1144 1143 :-
1179 1108 1269 1149 cod.
1304 1108 1331 1149 S
1366 1108 1422 1161 (p.
1449 1107 1518 1157 25,
1553 1107 1600 1147 11
1638 1109 1682 1147 et
1716 1106 1768 1148 13
1800 1108 1907 1157 not.)

221 1216 261 1255 p.
287 1201 355 1252 22,
390 1201 461 1240 11:
493 1199 556 1240 Et
584 1202 635 1238 ut
665 1197 734 1237 id:
766 1196 1025 1237 uocabulum
1058 1195 1105 1235 iel
1136 1194 1251 1248 apud
1282 1194 1450 1234 nullum
1484 1193 1617 1233 alium
1650 1195 1809 1233 testem
1839 1191 2005 1245 legitur

221 1301 261 1340 p.
287 1287 356 1339 30,
388 1287 432 1326 7:
466 1285 511 1325 in
543 1296 698 1336 marg:
731 1282 893 1323 stolas:
923 1281 1031 1322 haec
1062 1280 1194 1321 lectio
1229 1282 1296 1320 est
1326 1292 1502 1333 prorsus
1535 1278 1784 1331 singularis.

224 1416 557 1480 Superfluum
592 1429 702 1463 esse
734 1413 940 1462 uidetur
973 1412 1200 1474 exempla
1233 1411 1512 1459 cumulare.
1544 1410 1639 1458 hoc
1670 1425 1826 1458 unum
1861 1408 2007 1469 addc,

153 1503 286 1569 quod
319 1503 380 1551 ad
410 1500 874 1564 interpretationem
920 1514 1027 1562 cap.
1059 1499 1139 1556 13,
1184 1498 1246 1547 18
1287 1497 1506 1560 pertinet
1544 1493 1630 1562 (cf.
1655 1512 1702 1559 p.
1736 1497 1849 1554 122,
1891 1495 1922 1544 4
1957 1502 2007 1543 et

152 1594 256 1641 not.
299 1590 446 1650 crit),
496 1590 825 1636 correctorem
873 1585 922 1633 in
965 1584 1234 1647 exemplari
1276 1598 1366 1632 suo
1407 1582 1532 1631 nihil
1572 1581 1710 1630 aliud
1750 1581 2006 1630 inuenisse

152 1676 252 1725 nisi
298 1675 475 1724 uerba:
531 1678 745 1725 sexcenti
791 1676 1015 1740 semermes
1061 1674 1233 1736 semies,
1282 1689 1395 1722 cum
1439 1672 1691 1720 hominem
1737 1672 1871 1720 emm
1917 1670 2008 1719 ml-

154 1767 326 1816 tulerrsst
356 1765 424 1814 ad
456 1765 658 1813 literam
679 1779 906 1828 porcam,-
930 1756 1062 1806 unde
1089 1758 1296 1819 apparet
1321 1770 1479 1818 neque
1498 1754 1813 1803 Victorinum
1844 1768 2009 1817 neque

153 1849 518 1911 Hieronymum
545 1853 782 1895 conatum
809 1859 920 1892 esse
948 1845 1140 1892 certum
1167 1841 1469 1890 Antichristi
1494 1855 1674 1889 nomen
1701 1854 2009 1889 enumerare.

154 1949 305 1998 quare
354 1933 521 1981 omnia
559 1930 777 1990 nomina,
828 1945 955 1993 quae
997 1928 1129 1991 apud
1171 1927 1416 1991 quosdam
1458 1928 1616 1975 testes
1656 1926 1911 1989 leguntur,
1953 1927 2011 1974 ut

154 2024 409 2084 Antemos,
457 2020 772 2082 Genseriskos,
814 2014 1182 2079 posterioribus
1218 2013 1423 2062 demum
1455 2012 1836 2061 recensionibus
1870 2010 2010 2059 attri-

154 2105 353 2155 buenda
393 2119 502 2152 esse
542 2103 871 2152 manifestum
915 2103 994 2150 est
1034 2098 1118 2166 (cf.
1146 2115 1194 2163 p.
1226 2101 1324 2148 124
1366 2101 1467 2147 not.
1508 2099 1580 2162 4,).

228 2190 476 2252 Quoniam
510 2188 743 2238 editionis
783 2186 1034 2236 Victorini
1065 2186 1290 2249 integrae
1331 2200 1484 2234 unuin
1527 2186 1712 2233 testem
1745 2183 2010 2243 habemUS,

157 2277 343 2329 summi
390 2274 635 2324 momenti
683 2273 912 2337 quaestio
962 2274 1055 2335 est,
1102 2288 1223 2321 num
1273 2270 1606 2320 demonstrari
1651 2271 1816 2334 possit
1864 2284 2011 2332 quos-

157 2359 270 2413 dam
309 2362 580 2425 scriptores
620 2360 994 2410 ecclesiasticos
1037 2374 1092 2407 ex
1131 2358 1270 2406 fonte
1314 2357 1559 2405 Victorini
1598 2371 1724 2419 puro
1767 2355 2013 2406 hausisse.

157 2452 306 2511 atque
361 2453 618 2496 auctorem
672 2446 998 2495 homiliarum
1044 2444 1094 2493 in
1143 2443 1505 2507 apocalypsim,
1555 2457 1680 2505 quae
1719 2441 2011 2505 Augustino

156 2535 283 2583 falso
334 2533 704 2591 adscribuntur,
762 2546 975 2594 quarum
1023 2546 1068 2595 p.
1098 2529 1181 2588 66,
1234 2529 1295 2577 15
1343 2529 1409 2587 (in
1460 2543 1570 2593 app.
1597 2528 1728 2590 crit.)
1779 2530 1829 2575 et
1872 2543 1918 2590 p.
1946 2527 2012 2575 80

156 2619 463 2669 mentionem
487 2618 718 2679 facimus,
751 2617 875 2665 haec
898 2616 1054 2665 uerba
1089 2615 1335 2664 Victorini
1370 2614 1574 2678 legisse,
1610 2629 1735 2675 quae
1768 2613 2012 2676 Hierony-

158 2721 270 2755 mus
314 2704 509 2754 omisit:
557 2707 677 2756 llaec
721 2723 835 2772 erqo
881 2709 1000 2755 sunt
1047 2706 1144 2754 duo
1190 2707 1501 2765 testamenta,
1551 2719 1676 2768 Quae
1719 2719 1816 2767 pro
1862 2705 2012 2767 captu

159 2795 396 2860 ienszporis
432 2798 522 2842 aut
561 2793 659 2842 deco
706 2793 909 2842 denarii
947 2795 1036 2840 aret
1083 2807 1216 2840 noua
1255 2794 1299 2839 et
1344 2794 1516 2838 ‘aretem
1562 2793 1651 2837 emt
1693 2789 1901 2854 yladms
1939 2788 2017 2837 bis

157 2885 336 2930 acutus
372 2880 670 2928 nominatur
708 2876 772 2938 (p.
799 2875 883 2934 24,
926 2871 1141 2937 8-10),
1184 2888 1239 2920 ex
1281 2872 1455 2924 11011111,
1501 2874 1521 2918 1
1569 2876 1793 2933 apparet:
1838 2869 2017 2919 scribit

160 2963 314 3012 enim:
355 2966 473 3015 haec
503 2982 616 3032 erqo
650 2969 768 3014 sunt
806 2964 903 3013 duo
943 2966 1254 3025 testamenta,
1297 2978 1421 3028 quae
1452 2978 1550 3026 pro
1588 2965 1738 3026 captu
1777 2961 2018 3025 temporis

158 3057 248 3103 aut
271 3069 401 3102 noem
420 3056 510 3101 (cut
534 3056 718 3114 uetera,
741 3051 950 3117 yladius
967 3050 1237 3098 bisacutus
1253 3048 1497 3097 dicuntur
1521 3041 1734 3109 rXXXV
1759 3042 1896 3090 2418
1928 3039 2016 3105 M).

161 3136 286 3184 alter
323 3135 473 3183 testis
522 3138 601 3182 est
648 3131 1060 3190 CommodianUS,
1111 3130 1152 3180 si
1191 3130 1314 3179 licet
1361 3131 1470 3178 eius
1518 3133 1756 3181 aetatem,
1805 3129 1864 3175 «ie
1918 3142 2016 3190 qua

161 3220 450 3270 etiamnunc
492 3219 838 3268 controuersia
872 3221 963 3279 est,
994 3220 1113 3281 post
1149 3216 1393 3265 Victorini
1426 3223 1656 3277 tempora
1689 3215 2015 3262 constituere.

162 3306 388 3355 conferas
429 3304 601 3368 uelim,
644 3319 771 3368 quae
811 3319 855 3367 p.
889 3304 1004 3361 135,
1046 3303 1075 3350 3
1112 3305 1161 3351 et
1192 3317 1239 3365 p.
1270 3302 1388 3357 112,
1422 3302 1454 3349 4
1494 3301 1542 3348 in
1585 3303 1702 3348 test.
1756 3297 2014 3357 adnotaui,

161 3391 281 3440 item
324 3407 371 3454 p.
401 3391 517 3451 144,
559 3391 624 3439 10
663 3390 712 3438 in
754 3404 866 3452 app.
891 3390 1001 3437 crit.

1848 3508 1897 3550 C*
