2470 3718
1976 190 2041 239 13

195 340 235 386 Q
282 361 335 376 =
370 340 675 382 SanetiBeati
705 340 951 394 presbyteri
983 339 1167 394 Hispani
1197 338 1484 380 Liebanensis
1523 340 1567 380 in
1599 339 1894 396 Apocalypsin
1929 354 2041 382 com-

363 411 591 462 mentaria,
640 424 769 465 opera
817 414 859 452 ct
906 410 1050 451 studio
1097 410 1274 452 Henrici
1320 410 1486 463 FloreZ,
1533 411 1704 453 Matriti
1750 411 2041 465 MDCCLXX,

366 483 451 526 584
480 496 580 537 pag.

278 639 373 690 ΠΙ.
413 637 744 689 RECENSIO
786 637 1150 689 POSTREMA
1189 638 1277 688 EX
1315 637 1677 690 PRIORIBVS
1716 640 1960 690 MIXTA:

194 751 230 794 S
280 772 332 786 Ξ
367 751 458 793 cod.
497 751 792 792 bibliothecae
833 749 1083 792 Casinensis
1124 748 1359 792 CCXLVII
1398 750 1614 804 (signatus
1654 752 1841 793 exterius
1872 752 1926 793 N.
1959 751 2042 794 247

369 825 413 864 et
452 823 549 875 563,
589 824 706 864 intus
745 822 792 863 P.
836 822 932 874 129,
971 821 1024 863 N.
1065 821 1163 872 257,
1194 822 1305 875 plut.
1338 820 1406 873 E),
1446 822 1691 863 charactere
1728 822 2042 876 longobardico

366 892 591 936 Casinensi
622 908 734 936 saec.
765 893 974 935 Xl-XII

191 979 218 1019 9
279 985 332 1000 =
365 964 500 1006 editio
532 965 732 1006 Andreae
766 964 988 1006 Gallandii
1019 965 1070 1005 inv
1093 963 1375 1006 Bibliotheca
1414 967 1607 1006 ueterum
1639 967 1812 1018 patrum
1843 968 1949 1009 tom.
1980 964 2041 1006 IV

364 1029 577 1090 (Venetiis
609 1035 972 1091 MDCCLXVIII)
998 1035 1075 1077 fol.
1107 1035 1298 1078 52-642
1334 1036 1376 1077 S.
1408 1035 1625 1077 Victorini
1655 1036 1823 1077 scholia
1852 1037 1896 1077 in
1926 1036 2043 1090 Apo—

366 1107 559 1162 calypsin
602 1107 723 1149 beati
759 1106 950 1159 loannis,
1000 1120 1108 1162 quae
1154 1107 1317 1161 primus
1366 1120 1414 1148 ex
1449 1106 1747 1148 bibliothecae
1795 1106 2043 1150 casinensis

366 1179 513 1221 codice
553 1180 595 1220 in
636 1180 775 1220 lucem
816 1179 928 1220 eruit
958 1179 1150 1219 Basilius
1182 1178 1407 1219 Millanius
1445 1178 1682 1219 monachus
1721 1177 1904 1220 Casinas
1943 1191 2042 1232 pro-

367 1249 630 1304 dieruntque
663 1251 886 1292 Bononiae
918 1251 961 1291 in
995 1250 1041 1292 80
1072 1250 1186 1304 apud
1219 1250 1455 1291 Antonium
1489 1248 1800 1291 Ciaccarellum
1840 1251 1884 1290 et
1912 1249 2044 1290 Pere-

365 1321 537 1374 grinum
568 1321 820 1362 Bonardum
853 1335 963 1362 anno
996 1321 1230 1363 MDLVIII
1262 1320 1353 1363 Cal.
1384 1321 1512 1362 Iuliis

193 1391 234 1432 X
280 1411 333 1427 z
365 1392 631 1434 FHIKMS
659 1396 814 1444 (testes
845 1394 1146 1435 recensionum
1177 1392 1222 1433 ΙΙ
1254 1395 1299 1433 et
1327 1392 1412 1445 III)

200 1462 235 1504 O
281 1483 334 1498 =
366 1477 515 1505 omnes
544 1466 682 1506 testes
714 1465 905 1506 omnium
936 1466 1237 1506 recensionum

195 1539 332 1579 ceth:
367 1535 499 1576 ceteri
530 1538 666 1577 testes
697 1538 869 1589 praeter
900 1549 987 1584 eos,
1021 1535 1094 1589 qui
1127 1534 1387 1588 singillatim
1417 1537 1715 1576 memorantur

193 1619 218 1647 r
277 1625 331 1641 =
361 1606 416 1648 D.
450 1606 647 1648 Andreae
685 1606 835 1648 Riuini
867 1607 1053 1648 Sanctae
1092 1606 1302 1661 reliquiae
1343 1605 1474 1647 duum
1506 1606 1842 1659 Victorinorurn,
1875 1605 2045 1648 Gothae

371 1691 481 1719 anno
523 1677 744 1729 MDCLII,
791 1679 835 1719 in
877 1678 1032 1732 quibus
1072 1692 1113 1732 p.
1153 1679 1324 1720 31—74
1361 1678 1577 1719 Victorini
1615 1678 1950 1719 commentarius
1998 1689 2047 1718 ex

367 1749 621 1791 recensione
651 1750 904 1805 Hieronymi
937 1753 981 1792 et
1002 1765 1045 1805 p.
1071 1749 1269 1792 74—124
1290 1750 1440 1792 Riuini
1463 1752 1593 1791 notae
1617 1750 1663 1791 in
1688 1750 2045 1792 commentarium

370 1822 543 1862 exstant

195 1906 238 1934 m
281 1913 332 1928 =
364 1893 528 1947 Migne,
567 1893 849 1947 Patrologiae
891 1908 1052 1943 cursus,
1094 1895 1227 1935 series
1267 1894 1419 1949 prima,
1458 1897 1564 1935 tom.
1602 1894 1641 1936 V
1672 1893 1869 1947 (Parisiis
1917 1892 2045 1945 1844)

369 1979 409 2018 p.
444 1964 698 2015 317-344,ι
719 1963 793 2005 ubi
827 1964 1047 2006 Gallandii
1080 1965 1214 2006 editio
1247 1966 1463 2019 repetitur
