2470 3718
294 127 395 177 188

1094 125 1179 167 ΙΙΙ.
1226 124 1427 167 Index

287 284 512 338 princeps:
561 297 649 325 non
698 283 803 338 quia
842 283 950 326 illae
990 283 1111 326 solae
1154 284 1245 326 sint
1291 286 1474 339 propter
1495 286 1579 339 (cf.
1599 285 1694 338 ob):
1721 287 1903 341 propter
1919 299 2077 329 nomen
2095 301 2241 329 meum

349 356 561 398 ecclesiae
588 358 666 398 aut
689 356 915 412 principes
940 357 1012 409 28,
1036 357 1085 410 23
1112 358 1187 407 29,
1215 358 1245 398 2

289 430 568 485 principalis:
605 430 849 486 principale
875 429 1140 473 mandatum
1173 430 1242 484 34,

348 505 395 557 6,
430 504 502 557 35,
540 505 568 544 6

288 577 575 633 principium:
612 577 821 633 principii
852 577 949 620 loeo
977 578 1016 627 3,
1051 579 1091 620 9.
1124 577 1242 631 prin-

351 651 515 707 cipium
548 651 652 693 libri
688 651 755 706 16,
791 651 836 705 3,
879 652 950 702 17,
991 651 1017 692 7

288 724 421 780 prior,
440 725 585 780 prius:
608 724 828 780 prioribus
849 726 918 766 est
934 723 1241 780 praedicatum

347 799 418 853 46,
454 798 529 851 11,
568 798 643 852 47,
676 798 736 841 11.
771 797 859 840 tria
879 797 991 839 ..de
1019 797 1242 851 prioribus

354 871 451 922 120,
493 871 675 925 231121,
718 874 761 913 2.
803 871 923 925 prius
966 871 1035 924 22,
1079 871 1129 924 7,
1172 873 1242 924 23,

350 945 411 986 11.
454 945 553 999 114,
595 944 669 998 13,
710 945 803 995 115,
844 945 912 986 17.
955 945 1048 995 121,
1084 945 1154 986 14.
1197 945 1241 985 in

347 1017 493 1072 priore
526 1020 598 1069 (=
625 1018 668 1059 ἐν
701 1020 759 1075 τῷ
784 1014 1042 1074 ἔμπροσθεν,
1074 1018 1242 1060 weiter-

349 1090 446 1144 hin)
489 1091 586 1146 110,
637 1092 683 1145 8,
733 1112 787 1127 -—-
822 1092 867 1132 in
907 1091 1047 1147 priori
1088 1092 1175 1145 111,
1218 1092 1245 1131 9

290 1164 526 1220 pristinus:
584 1178 777 1207 amorem
828 1167 957 1206 tuum
1003 1166 1242 1220 pristinum

350 1239 423 1291 (z
449 1237 527 1293 τὴν
560 1237 753 1294 πρώτην)
787 1239 856 1290 34,
891 1238 938 1291 3,
972 1240 1043 1289 35,
1078 1242 1104 1282 3

291 1311 486 1366 priuare:
514 1325 538 1354 a
562 1310 659 1354 luce
686 1325 876 1367 superna
894 1312 1098 1367 priuatus
1120 1313 1243 1367 [124,

352 1385 444 1440 13];
481 1385 604 1438 (125,
638 1385 709 1438 15>

290 1472 392 1514 pro:
423 1473 502 1514 pro
538 1458 756 1514 qualitate
789 1458 918 1502 fidei.
942 1494 947 1501 .
969 1459 1149 1515 scripsit
1171 1460 1242 1514 30,

353 1533 427 1585 14,
475 1533 539 1586 31,
587 1533 657 1574 14.
704 1532 934 1575 habebant
980 1547 1058 1588 pro
1101 1533 1245 1588 gloria

353 1608 478 1648 actus
527 1606 595 1648 sui
644 1607 802 1661 optimi
849 1620 1034 1649 coronas
1075 1607 1146 1657 58,
1196 1608 1242 1660 8,

351 1681 425 1734 59,
483 1683 524 1723 8.
581 1694 657 1735 pro
715 1681 908 1736 corporis
965 1680 1034 1722 sui
1082 1680 1242 1722 solatio

353 1755 619 1808 acceperunt
673 1754 812 1796 stolas
869 1753 992 1795 albas
1041 1754 1110 1805 74,
1170 1754 1242 1807 18,

360 1828 428 1876 75,
462 1828 533 1868 18.
568 1853 621 1857 -
648 1841 836 1883 aquam.
859 1860 868 1869 .
886 1841 973 1869 non
1000 1841 1079 1883 pro
1105 1826 1242 1869 fluuio

352 1901 620 1943 defluentem
652 1902 722 1952 48,
758 1901 814 1945 10

294 1974 562 2030 procliuum:
595 1976 641 2017 in
673 1976 872 2032 procliue
910 1977 983 2027 49,
1017 1976 1076 2018 10

295 2049 510 2104 proferre:
554 2049 878 2092 confessionem
911 2063 1035 2092 suam
1067 2050 1244 2106 publice

353 2122 677 2176 proferentium
716 2123 786 2178 66,
828 2123 875 2177 5,
924 2144 979 2159 =
1014 2123 1243 2166 conferen—

351 2196 464 2237 tium
502 2197 575 2250 67,
609 2198 639 2237 5

296 2269 578 2324 promittere:
634 2271 821 2325 primam
876 2270 1245 2312 resurrectionem

353 2343 561 2397 promisit
579 2343 648 2395 38,
670 2345 745 2398 18,
765 2343 1087 2399 :repromisit
1104 2344 1247 2394 39,18

291 2430 545 2471 pronomen
582 2417 852 2472 refleaeiuum
885 2431 972 2472 pro
1011 2418 1069 2459 is:
1112 2432 1246 2473 appa-

354 2493 481 2533 rente
520 2490 607 2533 sibi
639 2491 799 2547 angelo
835 2491 906 2546 50,
950 2492 1024 2544 18,
1066 2492 1133 2542 51,
1174 2492 1244 2536 16.

355 2564 611 2607 ostensione
645 2564 730 2607 sibi
753 2565 874 2608 facta
901 2567 969 2620 93,
1003 2566 1075 2608 10.
1109 2579 1245 2622 ange-

353 2638 496 2680 lorum
551 2638 635 2680 sibi
698 2639 976 2682 subditorum
1037 2640 1135 2691 116,
1197 2640 1247 2693 4,

355 2712 449 2762 117,
499 2715 539 2755 6.
582 2713 703 2755 odire
743 2726 789 2755 se
826 2713 930 2770 (pro
963 2713 1055 2769 eos)
1089 2714 1159 2768 34,
1200 2713 1246 2766 8,

356 2786 428 2839 35,
478 2786 518 2827 9.
575 2799 688 2840 quae
737 2785 789 2828 de
839 2800 884 2829 se
932 2787 1248 2842 praenuntiata

355 2858 534 2901 fuerant
565 2860 635 2913 64,
678 2860 753 2913 12,
795 2880 850 2896 =
885 2860 939 2902 de
973 2874 1023 2903 eo
1060 2862 1134 2912 65,
1176 2861 1245 2904 10.

355 2932 524 2974 factum
558 2935 627 2975 est
660 2947 709 2975 ex
740 2933 872 2989 plebe
904 2947 985 2976 sua
1008 2934 1248 2977 secundum

359 3020 533 3048 carnem
568 3020 692 3049 suam
726 3007 826 3061 106,
860 3008 886 3050 3

298 3092 518 3134 propago:
551 3081 658 3123 noui
690 3080 931 3123 sacerdotii
954 3081 1245 3137 propaginem

357 3153 427 3207 66,
462 3154 537 3208 13,
573 3155 647 3205 67,
681 3155 732 3197 13

298 3228 561 3282 propensius
603 3228 720 3285 (opp.
754 3228 937 3283 minus):
978 3229 1025 3272 id
1056 3229 1102 3272 in
1133 3229 1248 3273 fialis

358 3301 622 3355 propensius
658 3302 769 3346 dixit
801 3303 869 3356 86,
904 3302 930 3343 2

298 3374 475 3428 proprie
509 3375 577 3430 70,
611 3376 658 3431 2,
692 3377 753 3431 71,
787 3378 843 3420 12

1350 359 1421 409 32,
1458 359 1532 412 18,
1565 362 1632 413 33,
1666 360 1733 401 19.
1775 362 1957 414 propter
1989 360 2108 415 quod
2144 361 2241 411 108,

1349 432 1398 485 4,
1431 432 1534 483 109,
1573 435 1600 474 4

1292 506 1552 559 protestari:
1586 519 1665 560 per
1696 507 1938 562 prophetas
1965 509 2241 562 protestatus

1351 579 1421 629 90,
1457 582 1505 634 5,
1540 581 1605 630 91,
1643 581 1671 621 6

1291 653 1540 707 prouincia:
1589 653 1669 695 has
1719 655 1971 710 prouincias
2010 656 2240 698 uniuersas

1353 726 1450 778 148,
1486 727 1538 770 16

1292 801 1444 854 prout:
1480 803 1611 855 prout
1641 803 1829 857 potuero
1863 803 1904 852 3,
1941 802 1994 844 10

1292 875 1471 928 putare:
1503 875 1615 929 puta
1639 875 1708 925 30,
1746 874 1821 928 13,
1855 895 1909 911 =
1934 876 2064 930 putes
2089 875 2152 929 31,
2187 876 2243 916 12

1294 1019 1562 1075 quadratus:
1604 1021 1837 1063 ciuitatem
1873 1019 2136 1075 quadratam
2169 1020 2243 1076 (=

1351 1094 1633 1150 τετράγωνον)
1672 1095 1770 1145 146,
1804 1095 1829 1137 3

1294 1166 1630 1221 quadriformis:
1683 1168 1729 1209 in
1786 1170 1999 1222 quattuor
2044 1167 2243 1211 faciebus

1351 1240 1727 1296 quadriformibus
1759 1242 1856 1296 137,
1896 1242 1919 1283 1

1294 1314 1580 1369 quamobrem
1615 1316 1655 1368 6,
1690 1316 1715 1357 9

1294 1388 1499 1443 quamuis
1546 1389 1598 1431 in
1637 1390 1877 1432 enuntiato
1916 1389 2246 1445 interroyaffiuo

1355 1466 1428 1514 (=
1449 1462 1532 1504 wie
1562 1462 1683 1516 sehr)
1719 1466 1788 1516 43,
1821 1463 1876 1503 15

1294 1534 1469 1589 quando
1511 1535 1772 1578 coniunctio
1811 1537 1881 1585 44,
1933 1535 2000 1578 10.
2048 1535 2121 1588 11,
2170 1537 2243 1585 45,

1351 1610 1421 1651 12.
1454 1610 1513 1650 14

1294 1685 1567 1738 quapropter
1598 1683 1638 1736 6,
1675 1683 1727 1724 13

1294 1757 1421 1811 quasi
1458 1757 1556 1810 128,
1592 1757 1611 1798 1
1651 1756 1731 1799 bis.
1765 1756 1817 1810 2,
1850 1757 1951 1808 129,
1985 1756 2021 1798 1.
2058 1759 2086 1798 4

1295 1830 1573 1886 quaternitas
1607 1830 1703 1884 135,
1737 1830 1792 1872 15

1295 1904 1417 1959 quia:
1462 1904 1506 1958 1)
1537 1924 1592 1939 z
1617 1903 1742 1947 weil:
1774 1905 1845 1955 34,
1879 1904 1918 1946 9.
1954 1904 2025 1957 68,
2061 1904 2135 1958 10,
2172 1905 2244 1953 69,

1352 1979 1416 2020 13.
1456 1979 1526 2029 90,
1568 1980 1608 2021 9.
1646 1978 1720 2033 11,
1763 1978 1828 2032 91,
1863 1978 1935 2020 10.
1961 1977 2022 2019 11.
2066 1977 2164 2031 106,
2205 1978 2244 2020 2.

1352 2053 1440 2104 113,
1466 2053 1538 2094 18,
1569 2051 1670 2094 ideo
1692 2086 1701 2094 .
1723 2052 1852 2106 .quia
1877 2052 1945 2100 34,
1973 2051 2019 2104 5,
2055 2071 2109 2087 z
2137 2063 2246 2105 quo-

1351 2126 1471 2168 niam
1504 2127 1574 2180 35,
1608 2127 1652 2167 5.
1686 2128 1731 2167 et
1764 2125 1869 2179 quia
1898 2126 1971 2179 46,
2005 2126 2052 2178 6,
2089 2124 2164 2177 47,
2204 2127 2244 2166 6.

1353 2199 1429 2242 sed
1458 2200 1563 2254 quia
1587 2200 1656 2250 36,
1691 2199 1739 2252 8,
1774 2202 1845 2252 37,
1881 2199 1922 2240 9.
1955 2198 2026 2248 42,
2064 2197 2139 2250 17,
2174 2200 2245 2251 43,

1353 2275 1423 2316 17.
1457 2274 1529 2327 64,
1562 2274 1610 2327 9,
1649 2275 1717 2327 63,
1743 2273 1951 2325 13.-2)
1975 2283 2144 2314 :was
2161 2271 2247 2314 das

1355 2347 1536 2402 betrzfft,
1558 2345 1676 2399 dass:
1709 2347 1778 2400 90,
1803 2347 1850 2399 6,
1893 2347 1958 2396 91,
1995 2347 2032 2387 7.
2053 2371 2105 2376 ——
2125 2345 2169 2398 3)
2190 2364 2246 2381 =

1355 2421 1452 2475 dass
1475 2434 1563 2476 pro
1590 2433 1682 2463 acc.
1708 2434 1807 2463 cum
1829 2420 1942 2473 infi:
1973 2419 2044 2470 22,
2081 2419 2148 2461 11.
2175 2421 2244 2470 23,

1354 2498 1424 2539 16.
1459 2497 1530 2550 24,
1565 2495 1640 2549 12,
1675 2496 1751 2546 25,
1784 2495 1846 2536 11.
1879 2494 1948 2545 26,
1982 2495 2029 2548 9,
2064 2494 2140 2548 27,
2173 2494 2244 2536 10.

1355 2570 1424 2623 32,
1474 2570 1551 2623 16,
1600 2572 1660 2623 33,
1708 2569 1777 2610 17.
1824 2569 1895 2619 42,
1942 2569 2008 2611 16.
2057 2568 2126 2617 56,
2170 2567 2245 2621 11,

1355 2645 1432 2699 57,
1467 2644 1530 2686 11.
1565 2643 1631 2698 91,
1665 2646 1703 2685 3.
1741 2643 1838 2696 142,
1873 2641 1899 2683 3

1297 2717 1503 2774 quidem.
1524 2748 1535 2760 .
1554 2719 1703 2759 autem
1735 2716 1809 2772 (=
1835 2717 1939 2772 μέν.
1962 2746 1971 2756 .
1990 2713 2051 2768 δέ)
2082 2715 2156 2768 42,
2197 2715 2246 2767 9,

1355 2793 1425 2846 43,
1451 2795 1505 2833 ’8.
1540 2791 1638 2841 132,
1673 2790 1720 2843 9,
1753 2791 1847 2840 133,
1880 2789 1940 2832 11.
1977 2789 2074 2839 142,
2110 2788 2161 2831 11

1298 2862 1633 2920 quidem..sed
1681 2865 1753 2916 (=
1785 2860 2000 2918 μέν..δε’)
2051 2862 2120 2913 74,
2170 2862 2245 2915 12,

1362 2939 1433 2989 75,
1466 2937 1528 2978 11.
1564 2937 1661 2991 134,
1698 2936 1743 2988 1,
1775 2936 1873 2990 135,
1905 2936 1928 2977 1

1299 3012 1442 3067 quies:
1477 3010 1658 3052 initium
1685 3010 1850 3063 quietis
1879 3010 2086 3051 aeternae
2114 3010 2182 3064 81,
2224 3010 2248 3050 7

1297 3086 1410 3141 quis,
1437 3083 1545 3139 quid
1570 3082 1784 3138 indefin.:
1814 3096 1870 3124 ne
1904 3082 2004 3137 quis
2037 3083 2135 3135 102,
2171 3083 2246 3151 17ς

1355 3159 1455 3212 103,
1496 3158 1567 3198 16.
1609 3157 1707 3210 128,
1741 3157 1790 3210 9,
1830 3156 1928 3211 129,
1969 3156 2039 3198 16.
2080 3156 2135 3210 ef.
2168 3169 2246 3198 ne-

1356 3231 1464 3287 quid
1489 3233 1528 3286 5,
1553 3230 1620 3273 12.
1656 3230 1693 3272 si
1716 3243 1800 3284 quo
1826 3228 1957 3272 modo
1986 3232 2059 3281 (z
2087 3227 2121 3269 εἰ
2146 3225 2247 3284 ἄρα)

1354 3306 1426 3360 40,
1469 3307 1515 3359 5,
1555 3305 1623 3356 41,
1658 3306 1697 3346 5.
1737 3304 1809 3358 42,
1844 3303 1920 3357 19,
1961 3305 2030 3358 43,
2065 3303 2136 3345 18.
2176 3303 2245 3357 86,

1358 3379 1433 3434 15,
1468 3378 1545 3433 87,
1579 3379 1633 3420 15
