2470 3718
177 1142 218 1175 10

172 1716 213 1749 15

682 190 940 231 Recensio
974 189 1280 243 Hieronymi
1311 190 1388 230 XX
1425 190 1607 231 l—XXI
1643 192 1679 232 1.
2001 194 2100 242 147

256 348 481 409 impuras
538 345 871 410 cogitationes
925 346 1054 394 intra
1107 345 1271 394 cordis
1327 346 1617 395 cubiculum
1674 347 1985 411 uigilauerit,
2045 363 2100 396 ne

258 432 578 480 dominentur
632 431 692 491 ei,
753 432 853 481 iste
900 446 1020 480 uere
1067 430 1320 480 ‘sacerdos
1376 435 1453 481 est
1509 432 1714 482 Christi'
1772 436 1821 481 et
1874 433 2098 482 millena-

254 518 386 567 rium
424 533 689 566 numerum
729 516 996 580 perficiens
1035 517 1228 581 integre
1269 517 1491 566 creditur
1535 519 1757 584 ‘regnare
1806 533 1919 567 cum
1962 518 2098 568 Chri-

256 605 351 652 sto'
392 605 440 652 et
479 605 614 652 recte
654 602 789 666 apud
830 618 944 651 eum
985 601 1192 666 ‘ligatus
1241 605 1320 651 est
1359 602 1625 654 diabolus’.
1670 604 1756 667 qui
1796 618 1914 652 uero
1955 604 2097 654 uitiis

255 690 304 737 et
358 687 684 752 dogmatibus
740 688 1080 737 hereticorum
1134 688 1363 737 irretitus
1411 693 1505 747 est,
1553 688 1600 737 in
1651 704 1706 738 eo
1755 690 1972 739 ‘solutus
2022 693 2099 739 est

254 773 523 823 diabolus'.
573 774 664 823 sed
712 773 829 837 qnia
875 773 1144 836 completis
1192 773 1333 822 mille
1382 774 1522 823 annis
1573 774 1695 823 dicit
1740 778 1874 824 ‘eum
1930 775 2095 835 solni',

252 859 503 923 completo
552 858 891 923 perfectorum
941 861 1232 908 sanctorum
1282 874 1506 919 numere,
1555 859 1602 908 in
1659 860 1843 923 quibus
1893 875 2096 923 corpore

251 947 301 994 et
354 945 502 994 corde
557 944 825 1009 uirginitas
878 947 1073 1010 regnat,
1129 931 1430 995 adueniente
1493 945 1812 995 abominandi
1873 946 2097 996 aduentu

250 1030 400 1079 multi
453 1030 512 1079 ab
568 1045 625 1079 eo
681 1045 849 1080 amore
903 1033 1215 1079 terrenorum
1273 1030 1473 1080 seducti
1528 1031 1993 1096 supplantabuntur
2047 1035 2096 1081 et

250 1116 405 1166 simul
444 1131 558 1165 cum
600 1131 656 1165 eo
697 1116 1046 1181 ingredientur
1085 1120 1376 1182 ‘stagnum‘.

319 1203 383 1251 Et
415 1205 531 1268 post
560 1202 819 1252 modicum
844 1202 998 1252 tellus
1032 1202 1199 1252 reddit
1231 1206 1520 1252 sanctorum
1548 1202 1632 1266 qui
1666 1202 1857 1251 dudum
1892 1203 2094 1265 quieue-

248 1290 360 1336 rant
391 1302 618 1352 corpora:
657 1287 923 1336 inmortale
958 1302 1073 1337 cum
1106 1290 1307 1337 aeterno
1340 1303 1458 1353 rege
1492 1287 1832 1351 suscipientes
1865 1302 2092 1353 regnum„

248 1372 333 1436 qui
372 1387 470 1422 non
510 1372 678 1422 solum
717 1388 922 1436 corpore
960 1373 1185 1438 uirgines
1227 1372 1314 1423 sed
1366 1375 1417 1422 et
1454 1372 1629 1438 lingua
1676 1375 1725 1422 et
1767 1373 2091 1437 cogitatione,

247 1458 560 1510 exultaturos
601 1474 717 1509 cum
757 1474 885 1524 agno
929 1459 1258 1510 demonstrat.

1038 1697 1159 1740 CAP.
1192 1697 1307 1739 XXI.

319 1798 675 1849 Ciuitatem
717 1814 835 1848 uero
878 1814 1029 1861 quam
1070 1798 1193 1848 dicit
1232 1798 1614 1862 quadratam
1663 1811 1814 1846 auro
1856 1799 2304 1898 etp1·e22{‚2162—

243 1884 446 1934 tiosis
493 1884 917 1948 resplendere
963 1883 1311 1947 lapidibus
1361 1886 1422 1933 et
1468 1884 1759 1947 plateam
1808 1884 2086 1932 stratam

243 1973 303 2019 et
340 1969 585 2019 flumen
624 1984 732 2034 per
770 1969 1048 2019 medium
1089 1972 1150 2019 et
1188 1969 1368 2019 uitae
1408 1969 1658 2033 lignum
1700 1983 1769 2017 ex
1807 1969 2086 2030 utraque

241 2059 424 2121 parte
470 2055 724 2105 faciens
771 2056 1034 2106 fructus
1081 2055 1180 2106 XII
1219 2070 1330 2119 per
1368 2054 1465 2103 XII
1504 2068 1758 2104 menses
1807 2056 1868 2103 et
1916 2052 2085 2102 solis

382 2305 407 2345 2
440 2303 493 2346 ef.
524 2304 656 2359 Apoc.
690 2305 758 2358 20,
790 2305 815 2346 6
918 2305 945 2345 4
978 2304 1029 2346 cf.
1062 2304 1167 2347 ibid.
1201 2304 1270 2358 20,
1301 2304 1327 2345 2
1431 2305 1456 2345 6
1490 2303 1543 2345 cf.
1576 2303 1680 2345 ib‘rd.
1713 2304 1781 2352 20,
1817 2304 1839 2344 7
1947 2303 1998 2344 10
2032 2302 2083 2344 cf.

237 2375 342 2420 ibid.
373 2377 441 2429 20,
475 2376 528 2417 10
603 2376 656 2417 13
688 2378 743 2430 cf.
765 2389 813 2430 p.
845 2379 948 2426 140,
984 2378 1011 2417 9
1101 2376 1313 2424 16-153,
1345 2376 1370 2417 3
1404 2375 1459 2427 cf.
1490 2375 1683 2417 Beatum
1707 2388 1754 2428 p.
1793 2377 1886 2416 566
1917 2379 1956 2416 et
1993 2377 2084 2416 567

297 2547 317 2588 1
350 2547 619 2601 iugulauerit
650 2545 685 2589 S
771 2547 797 2587 2
829 2558 958 2588 uerus
990 2546 1027 2589 S
1110 2548 1137 2588 4
1169 2545 1283 2600 apud
1317 2559 1412 2587 eum
1446 2548 1562 2586 recte
1593 2546 1669 2587 CB
1758 2558 1860 2586 uero
1894 2557 1976 2587 om.
2006 2544 2084 2585 CB

238 2619 263 2659 6
294 2618 423 2671 solui]
459 2618 563 2659 add.
597 2620 641 2660 et
672 2617 708 2660 S
792 2619 818 2659 8
850 2618 1083 2672 uirginitas
1113 2619 1291 2671 regnat]
1323 2617 1593 2671 uirginitatis
1627 2616 1756 2658 decus
1790 2618 1857 2658 est
1888 2615 1924 2658 S
2008 2615 2083 2655 ad—

235 2690 460 2742 ueniente]
500 2690 622 2743 regni
662 2689 915 2730 aduenienti
953 2688 1236 2741 (adueniendi
1263 2692 1306 2742 9)
1340 2689 1375 2730 S
1522 2688 1574 2729 10
1607 2687 1672 2741 eo]
1707 2687 1810 2728 add.
1843 2687 2018 2739 igneum
2050 2685 2086 2726 S

291 2760 597 2815 ingrediuntur
628 2760 665 2802 S
751 2761 800 2803 11
834 2760 990 2802 reddet
1020 2773 1055 2808 e,
1085 2760 1257 2801 reddita
1288 2759 1380 2808 TF,
1413 2759 1584 2800 reddita
1617 2762 1684 2800 est
1707 2757 1878 2800 IKMS
1993 2747 2082 2799 ξεῖ

238 2831 288 2884 Τ,
320 2833 471 2873 sancta
500 2832 651 2885 utique
682 2831 900 2873 FIKMS
1056 2845 1138 2886 que
1169 2831 1258 2884 IK,
1290 2831 1335 2872 in
1367 2843 1452 2884 qua
1483 2830 1519 2872 S
1665 2830 1715 2871 12
1748 2828 1941 2882 corpora]
1975 2828 2081 2868 add.

233 2902 432 2956 uirginea
462 2901 498 2944 S
597 2903 873 2945 inmortalem
911 2903 996 2944 ΤΕ
1094 2902 1327 2943 inmortale
1359 2933 1369 2943 .
1395 2935 1403 2943 .
1435 2903 1553 2955 rege]
1587 2914 1680 2942 cum
1711 2899 1947 2941 immortali
1977 2912 2080 2952 rege

233 2976 455 3014 aeternum
489 2973 526 3015 S
667 2974 906 3028 suscipient
934 2987 960 3028 9
1079 2974 1131 3016 13
1165 2986 1270 3027 quos
1307 2972 1385 3015 CB
1529 2972 1727 3025 uirgineo
1765 2970 1843 3011 CB
1960 2969 2077 3021 cogi-

232 3044 416 3098 tatione]
465 3044 570 3086 add.
618 3045 783 3099 pariter
827 3044 1145 3094 inuiolabiliter
1175 3046 1237 3096 (se
1271 3043 1373 3087 add.
1417 3046 1461 3097 9)
1509 3056 1534 3084 a
1578 3042 1776 3095 nequitia
1822 3041 2078 3081 tutauerunt

232 3114 357 3168 (quos
389 3115 492 3156 add.
520 3118 563 3169 9)
596 3115 633 3157 S
747 3117 802 3157 14
833 3116 1067 3157 exultaturi
1099 3118 1199 3156 sunt
1231 3128 1326 3156 cum
1359 3113 1520 3167 gaudio
1552 3126 1710 3167 magno
1742 3111 1881 3153 IKM
2002 3110 2075 3151 de-

230 3186 461 3240 monstrat]
496 3187 601 3228 add.
634 3200 885 3241 permanere
916 3186 952 3229 S
1041 3187 1091 3228 16
1123 3185 1182 3227 Et
1214 3185 1370 3227 ciuitas
1402 3185 1446 3225 in
1479 3184 1640 3238 quadro
1673 3183 1818 3236 posita
1849 3184 1916 3222 est
1939 3194 2075 3234 prae·

229 3257 364 3299 mittit
383 3271 411 3312 9
526 3271 627 3300 uero
661 3258 885 3299 ciuitatem
907 3256 990 3298 IK
1104 3269 1204 3297 uero
1236 3269 1315 3298 om.
1335 3269 1363 3309 9
1454 3255 1504 3296 17
1537 3253 1764 3309 splendere
1792 3252 1870 3294 CB
1966 3254 2073 3293 stra.-

229 3328 335 3383 tam]
369 3331 562 3370 sanctam
591 3342 620 3383 9

1936 3406 2012 3449 10*
