2470 3718
762 208 1466 262 prolegomenamssa.
1957 199 2071 249 LIII

211 372 264 419 et
306 371 517 427 textum.
569 367 655 432 qui
699 367 746 416 in
803 367 1028 417 Ferotini
1074 367 1191 417 libri
1238 370 1418 428 exstat,
1475 369 1536 417 ad
1582 369 1828 419 lectiones
1878 371 1986 421 cod.
2014 376 2075 424 H

210 454 590 505 constituendas
636 453 755 503 usui
799 453 925 502 mihi
973 456 1093 516 erat,
1148 454 1283 517 quod
1329 454 1439 518 ipse
1494 455 1720 505 codicem
1776 456 1970 520 inspexi
2018 460 2069 506 et

209 540 422 597 contuli:
465 539 722 588 nonnullis
761 539 889 589 locis
930 540 1232 603 scripturam
1266 539 1456 590 codicis
1488 541 1678 591 rectius
1719 542 1910 607 legisse
1942 542 2066 591 mihi

208 625 399 675 uideor.

278 709 330 777 γ)
379 710 498 761 Cod.
526 711 736 759 membr.
762 710 1103 760 bibliothecae
1159 711 1201 760 A
1220 714 1336 761 nto
1356 712 1419 761 ni
1439 728 1466 761 a.
1483 728 1512 761 n
1533 727 1559 760 a
1579 728 1603 762 e
1657 713 1696 762 P
1716 728 1743 761 a
1761 716 1781 762 t
1800 730 1875 763 au
1896 714 1908 762 i
1930 731 1957 763 n
1978 731 2007 763 a
2027 730 2068 775 e,

206 797 270 845 in
321 796 587 846 scrinio
638 796 721 844 VI
766 812 812 846 n.
849 797 996 856 105,
1045 797 1243 846 saec,X
1284 795 1375 862 (Ξ
1413 795 1471 864 Ι)
1519 797 1581 847 ad
1620 798 1750 849 hanc
1791 798 2064 849 editionem

209 881 571 932 conficiendam
615 881 841 931 adhiberi
881 882 1051 946 potuit
1090 882 1276 932 auxilio
1319 884 1369 932 et
1408 898 1501 947 ope
1541 883 1639 933 uiri
1680 899 1878 933 summe
1916 900 2065 934 uene-

207 968 350 1017 randi
381 968 442 1017 H.
469 968 736 1016 Brewer.
772 983 827 1016 eo
861 970 993 1016 teste
1026 968 1075 1016 in
1110 968 1206 1017 hoc
1240 968 1429 1020 codice.
1459 969 1518 1018 de
1545 969 1690 1019 cuius
1715 970 1908 1034 origine
1942 970 2068 1019 nihil

206 1057 383 1103 notum
411 1055 504 1111 est,
540 1055 737 1102 exstant
769 1053 893 1102 haec
927 1054 1116 1118 scripta
1148 1053 1235 1117 (cf.
1272 1054 1389 1104 Ant.
1424 1054 1586 1104 Maria
1624 1056 1691 1104 Io
1714 1071 1734 1104 s
1756 1071 1796 1116 a,
1839 1059 1867 1108 J
1895 1059 2064 1108 (lodic)

208 1144 331 1192 Illas.
358 1144 488 1192 della
522 1143 656 1192 Bibl.
684 1143 980 1192 Antoniana
1008 1144 1060 1192 cli
1089 1143 1309 1204 Padova‚
1340 1140 1495 1200 1886,
1521 1157 1566 1204 p.
1597 1142 1693 1189 111
1728 1139 1848 1207 sq.):
1876 1139 1929 1207 1)
1950 1141 2066 1189 Hie·

206 1225 399 1289 ronymi
429 1224 675 1287 expositio
703 1225 1015 1287 psalmorum
1042 1225 1182 1273 XXX
1206 1224 1352 1291 (lucz
1380 1229 1698 1279 ‚Psalteriam
1725 1232 1798 1279 ita
1823 1235 1893 1279 est
1918 1232 2065 1296 qnasi

205 1331 390 1381 mayna
439 1308 655 1376 domas),
705 1311 756 1372 2)
804 1310 1058 1360 Homiliae
1097 1312 1147 1359 in
1196 1310 1617 1378 Euangel.(‡InC.:
1673 1315 1856 1365 Omnis
1901 1316 2063 1365 scriba

206 1401 403 1463 (ἰθείης,
449 1395 680 1459 sequitur
718 1396 964 1460 expositio
1012 1397 1171 1446 Marci
1213 1397 1510 1464 euangelii),
1562 1396 1617 1465 3)
1649 1399 1950 1463 Hieronymi
1989 1413 2065 1447 ex-

205 1482 392 1546 positio
434 1498 585 1546 super
631 1481 991 1547 Apocalypsin,
1041 1480 1097 1549 4)
1137 1483 1435 1548 Hieronymi
1476 1483 1726 1547 expositio
1766 1485 1813 1533 in
1859 1484 2066 1537 Cantica

207 1569 526 1619 Canticorum
550 1568 698 1634 (Inc.:
723 1573 903 1622 Omnis
927 1574 1191 1622 electorum.
1210 1576 1524 1640 conqreyate'o
1538 1575 1845 1640 grener-amer
1862 1575 2061 1624 ecclesia

205 1653 454 1722 uocatar).
503 1655 671 1704 Tertia
722 1655 914 1705 codicis
965 1670 1080 1719 pars
1134 1656 1360 1705 continet
1402 1656 1466 1705 16
1507 1656 1609 1706 fere
1656 1656 1793 1716 folia,
1850 1672 2060 1720 quorum

204 1741 477 1806 imaginem
512 1742 616 1790 arte
639 1740 1041 1805 photographica
1074 1740 1327 1804 depictam
1353 1742 1552 1791 Brewer
1581 1742 1797 1807 benigne
1829 1741 1877 1790 in
1911 1757 2061 1791 usum

205 1842 373 1876 meum
432 1826 588 1876 misit.
651 1826 832 1889 incipit
878 1827 979 1877 tab.
1011 1827 1097 1876 1²'2
1156 1813 1290 1896 Epta
1345 1832 1472 1880 beati
1520 1832 1767 1881 lemnam<
1814 1816 1934 1897 pori
1995 1832 2064 1880 art

206 1918 506 1965 Anatolium
545 1917 603 1965 de
640 1918 994 1981 explanatione
1033 1918 1343 1982 apocalipsis
1395 1903 1528 1967 'iobis
1566 1904 1753 1983 eaylize.
1816 1918 2063 1967 Diuersos

204 2004 409 2051 marina
453 2002 820 2051 ...Anathan
871 2004 940 2050 md
986 2004 1041 2051 rin
1080 2006 1178 2068 oefio
1223 2005 1353 2074 astte.
1402 2004 1668 2069 Eat-positio
1715 1985 1787 2053 ςῖῑ
1824 2005 2060 2053 'ieronimi

198 2073 318 2154 pbri
343 2104 494 2153 saper
518 2089 826 2153 apocalipsis
850 2084 994 2148 (siel)
1021 2074 1150 2138 loliis
1173 2091 1362 2155 e‘ecylae.
1388 2091 1714 2155 Apocalipsis
1732 2090 1845 2139 lesa
1871 2090 2062 2139 Christis

205 2191 357 2241 qaam
403 2174 543 2224 dedit
587 2175 669 2223 illi
707 2175 830 2224 deus
998 2175 1135 2241 Eryo
1176 2171 1297 2236 (tab.
1329 2169 1447 2239 177')
1488 2176 1734 2225 (tetdiendi
1782 2193 1881 2225 non
1927 2180 2059 2237 sant,

205 2262 292 2326 qui·
323 2261 461 2309 mille
492 2277 746 2309 (tumorum
785 2277 997 2326 regmam
1030 2265 1285 2310 terrenam
1326 2277 1428 2311 esse
1459 2263 1779 2326 confirmant,
1822 2264 1910 2327 (sai
1949 2279 2062 2311 ema,

203 2346 425 2395 olley-«into
462 2346 674 2395 heretico
706 2348 942 2395 sentiant.
984 2343 1240 2408 margines
1280 2343 1518 2393 foliorum
1560 2345 1806 2408 praebent
1842 2345 2061 2407 plurima

204 2427 548 2477 additamenta
595 2443 622 2476 a
667 2443 817 2477 manu
873 2429 1030 2477 altera
1077 2428 1279 2493 scripta,
1335 2444 1462 2493 quae
1511 2430 1645 2479 unde
1699 2433 1904 2494 sumpta
1959 2430 2063 2479 sint

204 2516 469 2578 propterea
499 2528 594 2562 non
626 2516 798 2577 potest
829 2513 944 2574 dici,
987 2514 1121 2577 quod
1154 2514 1361 2578 scriptio
1401 2530 1558 2578 parua
1589 2515 1872 2579 multisque
1913 2515 2059 2580 siglis

201 2599 387 2649 referta
415 2615 592 2663 parum
624 2600 892 2663 perspicua
933 2603 1024 2650 est.
1062 2599 1115 2649 id
1146 2602 1345 2650 tantum
1378 2604 1519 2664 patet
1558 2602 1681 2651 haec
1713 2601 2061 2652 additamenta

203 2700 299 2735 non
319 2686 584 2735 cohaerere
602 2700 717 2735 cum
734 2685 1043 2749 proprietate
1061 2686 1371 2736 recensionis
1391 2687 1742 2737 commentarii
1760 2687 2058 2751 posterioris

202 2772 282 2820 tot
311 2771 621 2821 testimoniis
653 2772 912 2835 probatae.
946 2772 1131 2823 desunt
1161 2772 1210 2821 in
1247 2772 1421 2822 codice
1452 2776 1488 2826 I
1515 2773 1642 2823 duae
1682 2773 1897 2838 paginae
1930 2772 2059 2834 folii,

202 2857 336 2907 unde
361 2857 432 2918 fit,
458 2860 517 2906 ut
541 2857 650 2907 eius
676 2857 1028 2908 testimonium
1070 2875 1097 2908 a
1127 2874 1241 2925 pag.
1270 2859 1353 2919 63,
1397 2859 1593 2920 3-69,
1627 2861 1692 2908 13
1726 2858 2057 2909 desideretur.

276 2940 326 3007 d)
369 2941 487 2993 Cod.
514 2943 581 2993 M.
611 2942 660 2993 S.
705 2944 779 2992 29
821 2944 1211 2994 monasterii
1262 2944 1783 2995 Cremifanensis
1826 2944 2056 3011 (Krome-

202 3027 451 3094 mz'c'nster)
470 3044 598 3078 saec.
616 3029 952 3090 XII,membr.
972 3030 1054 3080 fol.
1078 3031 1177 3079 150
1205 3029 1296 3097 (z
1311 3027 1412 3096 K),
1439 3030 1567 3080 hanc
1593 3031 1746 3081 habet
1770 3029 2056 3095 inscriptio-

202 3128 339 3163 nem:
357 3117 461 3166 Iste
476 3118 602 3167 liber
614 3123 686 3168 est
701 3121 864 3168 sancti
875 3119 1091 3185 Ayaptti
1108 3121 1164 3169 in
1178 3119 1614 3170 chremsmunster.
1630 3131 1714 3166 sex
1734 3116 1924 3180 scripta
1943 3131 2057 3166 con-

202 3198 344 3261 tinet,
359 3214 573 3263 quorum
588 3200 729 3250 tituli
745 3204 886 3251 sunt:
906 3199 959 3268 1)
975 3202 1057 3252 fol.
1079 3199 1318 3251 lv—--l9r
1332 3201 1591 3265 Expositio
1608 3217 1761 3266 super
1774 3202 2053 3266 Apocalyp-

203 3285 299 3334 sim
319 3299 435 3334 cum
452 3285 664 3351 prologo
686 3286 1000 3351 Hieronymi,
1026 3286 1082 3354 2)
1101 3287 1184 3337 fol.
1200 3289 1268 3340 20
1279 3284 1370 3324 r—
1386 3287 1488 3338 30²³
1506 3287 1740 3351 Epistola
1756 3286 2055 3352 Hieronymi

204 3369 263 3420 de
295 3370 505 3436 prodigo
538 3370 662 3432 filio,
703 3370 759 3439 3)
790 3372 874 3422 fol.
905 3369 1190 3422 31r-39v
1221 3373 1454 3437 Epistola
1488 3373 1786 3439 Hieronymi
1819 3373 1879 3423 de
1913 3371 2053 3423 Sera-
