2470 3718
947 228 1267 270 nominum.

1964 228 2062 277 167

224 385 367 427 Dauid
399 386 462 427 ait
492 398 568 439 per
596 384 797 439 spiritum
827 384 894 432 24,
929 383 972 433 6;
1015 385 1092 435 25,
1139 381 1392 423 Theodorus
1430 382 1564 434 (idem
1595 395 1681 423 esse
1709 381 1890 423 uidetur
1918 381 1996 434 qui
2026 385 2066 422 et

228 461 276 508 6,·
307 457 487 511 spiritus
519 458 695 498 sanctus
726 457 770 496 in
795 454 963 496 duobus
994 468 1091 508 pro-

224 529 367 583 phetis
401 529 650 570 contestans
683 528 752 578 86,
793 527 867 578 13,
903 528 979 578 87,
1020 527 1094 576 13,

225 600 402 650 spiritus
427 601 619 651 sanctus,
645 598 719 639 ubi
738 597 791 638 ad
809 597 1092 638 nouissimum

221 671 432 724 temporis
450 671 665 724 finemque
682 669 964 723 percucurrit,
997 667 1092 708 red-

223 742 260 782 it
318 755 463 782 rursus
513 741 567 782 ad
614 740 766 782 eadem
810 743 1008 793 tempora
1052 742 1095 779 et

1203 453 1453 495 Theodotus
1497 457 1728 504 uocatur).·
1771 453 1815 493 iu
1863 453 2065 506 epitomis

1198 525 1415 566 Theodori
1447 525 1517 577 56,
1549 526 1597 578 4,
1641 527 1714 577 57,
1751 527 1798 574 4,·
1830 525 1886 577 cf.
1926 524 2065 565 Theo-

1198 596 1298 638 dori
1339 595 1474 637 Zahn
1514 595 1844 648 ‘Forschunyen
1874 608 1954 636 zur
1989 595 2067 635 Ge-

1195 668 1384 709 schichte
1415 667 1488 708 des
1517 670 1696 708 neutest.
1728 666 1934 707 Kanons'
1965 666 2065 718 III,

1196 741 1333 789 1884,
1359 751 1406 791 p.
1439 739 1668 779 128-30.

224 813 399 867 supplet
450 813 519 867 86,
573 814 620 863 4,
683 815 757 865 87,
815 815 865 864 3,·
916 811 1093 864 spiritus
1141 810 1284 863 Tigris
1315 810 1478 862 flumen
1508 810 1549 861 4,
1584 809 1651 850 17.

224 887 398 926 sanctus
445 898 593 939 sparse
639 884 865 939 praedicat
908 883 1003 935 104,
1046 883 1092 930 2;

224 957 402 1011 spiritus
466 970 513 997 ex
558 958 680 1012 parte
726 955 952 1009 praedicat
989 955 1093 1007 105,

226 1030 277 1078 2,·
295 1040 318 1067 a
336 1027 492 1081 spiritu
512 1030 660 1068 sancto
687 1040 762 1080 per
779 1027 952 1067 Esaiam
970 1038 1093 1079 prae-

227 1098 361 1139 dicari
385 1099 571 1151 legimus
596 1099 665 1151 28,
694 1099 769 1151 14,
805 1099 881 1151 29,
906 1098 983 1149 13,
1007 1097 1092 1150 spi-

225 1171 334 1211 ritus
374 1172 585 1222 (sanctus)
618 1169 884 1223 septiformis
917 1170 1094 1210 uirtutis

223 1255 300 1296 per
326 1242 562 1296 prophetas
587 1244 855 1296 protestatus
881 1241 981 1295 (est)
1004 1255 1092 1282 om-

226 1313 299 1354 nia
330 1312 478 1354 futura
510 1313 577 1364 90,
609 1314 658 1366 4,
710 1315 774 1365 91,
813 1316 861 1364 5,·
905 1315 1096 1353 testatur

225 1385 404 1437 spiritus
438 1385 532 1438 140,
565 1385 610 1436 8,
636 1398 713 1439 per
736 1385 910 1426 Esaiam
942 1385 1005 1425 ita
1028 1388 1092 1425 te-

226 1458 364 1496 status
398 1458 463 1496 est
487 1456 665 1510 spiritus
691 1458 865 1497 sanctus
893 1456 986 1509 148,
1019 1456 1092 1505 20;

226 1527 403 1580 spiritus
436 1527 715 1581 propheticus
747 1528 816 1580 52,
855 1528 919 1568 11.

168 1597 309 1651 Syria:
327 1597 571 1651 praefectus
590 1599 796 1640 Antiochi
810 1600 926 1652 regis
945 1598 1094 1654 Syriae

226 1669 264 1721 6,
307 1671 354 1722 5,
399 1669 546 1724 Syriae
592 1671 767 1712 maioris
811 1674 958 1725 partes
1000 1671 1093 1720 148,

230 1742 302 1792 16,
336 1743 390 1794 cf.
423 1743 525 1795 139,
559 1745 600 1783 2.

169 1883 323 1924 Teitan
353 1897 583 1926 ‘rcumerum
611 1888 706 1927 666
729 1886 873 1939 emplet
899 1887 1019 1939 [124',
1055 1889 1093 1926 4.

226 1955 314 2008 11],
352 1957 471 2006 (125,
504 1957 546 1996 3.
578 1957 665 2007 13).

169 2025 544 2067 Tessalonicenses
627 2027 1095 2080 (Thessalonicenses):

226 2097 387 2138 Paulus
425 2098 479 2139 ad
511 2098 888 2141 Tessalonicenses
929 2099 991 2141 ait
1029 2100 1097 2149 24,

230 2169 301 2221 15,
335 2171 410 2215 25,
444 2171 522 2221 13,
554 2170 649 2223 102,
674 2171 719 2223 3,
751 2172 854 2224 103,
884 2173 933 2223 3,
964 2171 1098 2226 scrip-

228 2240 287 2281 sit
311 2241 364 2281 ad
381 2240 759 2284 Tessalonicenses
785 2243 852 2293 28,
879 2243 923 2293 9;
953 2244 1029 2295 29,
1060 2244 1097 2283 9.

1141 882 1419 923 Timotheus:
1445 880 1606 921 Paulus
1630 879 1683 920 ad
1701 879 1979 920 Timotheum
2006 879 2070 920 ait

1197 954 1266 1002 28,
1310 953 1380 1002 12;
1423 954 1500 1005 29,
1532 953 1601 993 12.

1141 1024 1279 1076 Titus,
1304 1023 1437 1065 frater
1453 1022 1694 1063 Domitiani
1712 1021 1921 1069 Caesaris,
1954 1021 2067 1062 filius

1198 1094 1462 1149 Uespasiani
1497 1094 1591 1143 118,
1626 1095 1673 1146 7,
1705 1094 1801 1146 119,
1837 1096 1877 1134 8.

1142 1237 1408 1280 Ualentinus
1451 1237 1530 1289 qui
1565 1236 1776 1290 quosticis
1808 1234 2071 1276 adnumera-

1199 1314 1293 1351 tur:
1324 1309 1393 1357 94,
1433 1309 1479 1360 8,
1525 1310 1597 1357 97,
1631 1309 1666 1347 1.

1140 1380 1435 1434 Uespasianus
1470 1380 1564 1430 118,
1599 1379 1644 1431 7,
1676 1379 1772 1430 119,
1805 1379 1847 1418 8.

1140 1452 1394 1494 Uictorinus
1424 1452 1493 1504 14,
1541 1452 1621 1501 10,-
1654 1449 1872 1492 Uictorini
1895 1449 1940 1489 in
1967 1462 2069 1502 apo-

1198 1523 1389 1578 calypsin
1430 1522 1675 1576 explanatio
1715 1522 1785 1573 14,
1830 1523 1878 1572 6,·
1917 1519 2065 1562 Uicto—

1198 1595 1280 1636 rini
1313 1595 1522 1649 opuscula
1554 1595 1622 1646 14,
1655 1594 1724 1635 13.

1142 1667 1347 1709 Uitellius
1381 1667 1476 1719 118,
1509 1665 1555 1715 8,
1587 1666 1681 1714 119,
1721 1667 1759 1706 9.

1143 1811 1372 1854 Zacharias
1403 1823 1511 1851 unus
1545 1823 1594 1850 ex
1625 1809 1853 1850 duodecim
1886 1807 2070 1862 prophe-

1199 1884 1276 1924 tis:
1317 1882 1361 1922 in
1395 1882 1603 1922 Zacharia
1633 1881 1842 1934 scriptum
1875 1880 1941 1920 est
1975 1878 2070 1929 100,

1200 1956 1248 2007 33
1286 1955 1382 2008 101,
1424 1956 1466 1995 3.

1144 2026 1372 2068 Zacharias
1412 2024 1611 2067 sacerdos
1644 2023 1696 2065 de
1728 2023 1822 2064 uice
1857 2022 1969 2063 Abia
2003 2022 2071 2073 52,

1203 2099 1248 2148 7,
1294 2099 1366 2146 53,
1412 2100 1461 2149 6,
1508 2095 1799 2138 sacerdotium
1841 2094 2072 2135 Zachariae

1203 2169 1424 2211 offerentis
1462 2169 1652 2209 hostiam
1693 2180 1767 2220 pro
1807 2166 1967 2220 populo
2003 2166 2071 2214 50,

1204 2242 1277 2290 17;
1317 2242 1381 2292 51,
1412 2241 1482 2281 16.

410 2559 499 2608 ΙΠ.
539 2558 752 2608 INDEX
790 2555 1170 2607 VERBOR-VM
1208 2555 1292 2604 ET
1332 2551 1839 2605 ELOCVTIONVM.

283 2703 320 2743 1.
354 2699 666 2743 VOCABVLA
696 2698 775 2740 DE
810 2696 1039 2740 GRAECA
1070 2697 1140 2738 ET
1172 2695 1451 2738 HEBRAEA
1482 2693 1706 2736 LINGVA
1736 2693 1959 2735 PETITA.

175 2803 355 2857 abyssus
399 2803 492 2851 100,
536 2802 608 2854 153
654 2803 750 2854 101,
791 2803 858 2842 17.
909 2799 1004 2852 122,
1051 2800 1098 2852 2,
1146 2798 1327 2851 angelus
1358 2796 1432 2851 (cf.
1459 2796 1674 2847 nuntius):
1708 2794 1890 2848 angelus
1921 2792 2074 2846 refuga

231 2877 334 2923 123,
367 2875 408 2914 3.
441 2873 585 2928 abyssi
619 2874 734 2927 [139,
771 2873 832 2926 7].
866 2871 918 2913 de
944 2871 1098 2924 abysso

234 2946 329 2998 100,
361 2946 400 2986 7.
433 2946 520 2999 (8),
554 2948 648 2994 101,
687 2946 726 2985 9.
757 2947 828 2986 10.
867 2944 912 2984 in
944 2943 1099 2997 abysso

235 3018 351 3072 [143.
407 3018 470 3070 2].
523 3017 567 3057 in
625 3016 826 3070 abyssum
875 3015 995 3068 [139,
1053 3015 1101 3064 9,·

233 3091 332 3140 141,
364 3088 438 3141 16]

177 3165 269 3201 aer:
299 3159 343 3199 in
376 3164 477 3200 aera
507 3157 626 3211 (142,
660 3158 705 3210 7>

178 3230 443 3284 allophylus:
470 3228 703 3283 allophylis
729 3228 768 3280 6,
792 3227 832 3269 3.
860 3227 1100 3281 allophylos

234 3301 275 3355 6,
307 3301 347 3342 6.
379 3301 431 3342 ab
464 3299 698 3354 allophylis
730 3299 769 3352 5,
801 3298 857 3340 20

179 3371 415 3414 anastasis:
445 3371 491 3412 in
521 3371 660 3425 prima
692 3372 894 3411 anastase
921 3369 1015 3420 144,
1050 3367 1101 3409 10

1206 2867 1836 2920 108,2;128,7,109,2,·129,
1854 2868 1923 2906 12.
1942 2877 2073 2917 ange-

1202 2940 1293 2981 lum
1310 2940 1349 2992 8,
1371 2940 1437 2980 11.
1454 2938 1610 2991 88,13,
1630 2940 1707 2987 89,
1725 2935 2071 2989 18.130,10.12;

1203 3013 1300 3066 131,
1326 3014 1396 3052 10.
1421 3014 1490 3052 14.
1522 3011 1566 3050 in
1593 3009 1795 3063 angelum
1819 3007 1929 3048 lucis
1955 3007 2072 3061 [124,

1187 3075 1306 3137 ‘14];
1345 3084 1463 3132 (125,
1501 3082 1589 3132 16).
1628 3080 1681 3121 ab
1722 3079 1879 3132 angelo
1919 3077 1986 3127 83,
2027 3078 2074 3128 7,

1207 3155 1281 3206 83,
1322 3156 1364 3196 8.
1411 3150 1937 3206 angelorum..princeps
1978 3147 2073 3197 116,

1204 3226 1253 3276 4,
1291 3226 1385 3273 117,
1431 3224 1471 3265 5.
1511 3222 1763 3275 angelorum
1795 3219 1948 3260 chorus
1979 3219 2073 3269 151,

1203 3296 1271 3337 13.
1311 3293 1491 3348 angelos
1528 3294 1569 3346 4,
1608 3292 1675 3335 26.
1723 3291 1763 3344 5,
1802 3290 1842 3332 5.
1888 3289 1989 3340 137,
2033 3290 2073 3329 4.

1205 3365 1384 3419 angelos
1425 3363 1590 3405 diaboli
1634 3363 1734 3414 135,
1782 3361 1849 3401 12.
1894 3358 2073 3412 angelos
