2470 3718
302 167 414 219 LV]
895 180 1613 237 ProlegomenaIIIB2

305 343 394 394 sed
443 359 555 394 eam
603 345 777 394 textus
833 343 1221 409 formationem,
1279 362 1434 411 quam
1489 347 1637 414 signo
1690 351 1738 398 Φ
1786 349 2107 412 notauimus‚
2163 351 2216 402 in

302 431 542 483 manibus
562 432 715 483 Beati
737 432 919 494 fuisse,
947 434 1287 499 quamobrem
1315 451 1433 486 eum
1461 436 1689 487 testibus
1714 437 1870 489 istius
1896 440 2215 492 recensionis

303 519 639 572 adnumerare
677 520 823 572 licet.
872 524 953 573 est
992 537 1115 574 uero
1158 538 1287 574 usus
1328 523 1448 574 libri
1494 523 1647 575 Beati
1688 525 1990 591 multiplex3
2031 527 2216 580 multis

305 608 442 659 enim
480 609 613 660 locis
648 609 760 660 eius
804 609 996 661 auxilio
1041 612 1409 678 cognoscimus
1452 612 1824 676 additamenta,
1868 615 2059 681 quibus
2094 616 2215 667 inde

305 697 364 747 ab
407 697 717 764 Hieronymi
756 699 1056 750 recensione
1098 699 1258 751 editio
1301 700 1556 752 Victorini
1614 704 1956 769 augmentata
2011 706 2107 770 est,
2158 721 2216 756 ex

303 784 505 836 Ticonii
550 786 860 837 Donatistae
902 787 1291 839 commentariis
1333 789 1560 840 fluxisse.

377 1069 575 1118 Auctor
614 1068 930 1119 recensionis
977 1073 1043 1134 (D,
1088 1070 1175 1134 qui
1208 1074 1328 1135 post
1367 1071 1693 1138 Hieronymi,
1737 1077 1853 1123 ante
1898 1073 2045 1125 Beati
2078 1090 2216 1139 pres-

304 1155 474 1222 byteri
522 1158 758 1221 tempora
806 1158 1096 1208 recensioni
1153 1159 1461 1225 Hieronymi
1511 1160 1678 1211 denuo
1731 1161 1958 1212 edendae
2009 1177 2216 1227 operam

306 1243 464 1305 dedit,
525 1243 641 1309 quis
688 1244 871 1307 fuerit,
922 1246 1164 1312 ignotum
1215 1250 1316 1306 est;
1376 1264 1494 1298 eum
1543 1248 1750 1316 ingenio
1807 1266 1990 1315 parum
2041 1251 2219 1318 sagaci

304 1331 468 1382 fuisse
501 1331 619 1383 inde
652 1335 880 1398 apparet,
925 1333 1062 1399 quod
1096 1335 1363 1386 turbatum
1408 1338 1765 1388 commentarii
1800 1338 2033 1389 ordinem
2075 1339 2218 1390 foliis

307 1420 618 1486 quibusdam
662 1420 711 1470 in
755 1422 1034 1488 archetypo
1086 1425 1422 1489 transpositis
1473 1425 1562 1492 [cf.
1590 1442 1636 1491 p.
1664 1427 1748 1489 95,
1793 1426 1848 1495 3)
1899 1443 1998 1477 non
2051 1428 2220 1479 sensit

305 1524 469 1574 neque
517 1510 742 1571 sanauit,
797 1510 887 1560 sed
938 1510 1108 1563 officio
1159 1527 1254 1562 suo
1305 1513 1629 1565 satisfecisse
1679 1514 1778 1565 sibi
1828 1515 2123 1577 uidebatur,
2175 1516 2217 1567 si

304 1597 504 1662 plenior
530 1614 680 1663 quain
710 1599 757 1648 in
787 1600 1087 1650 recensione
1104 1600 1410 1666 Hieronymi
1437 1603 1765 1668 apocalypsis
1792 1606 1965 1655 textus
1988 1603 2217 1664 additus,

306 1684 350 1736 si
412 1687 817 1737 commentarius
882 1687 1196 1752 quibusdam
1261 1689 1379 1740 aliis
1444 1690 1815 1741 additamentis
1896 1694 2100 1753 auctus
2174 1692 2218 1742 si

308 1774 578 1838 quaedam,
634 1791 764 1840 quae
829 1775 1193 1841 displicebant,
1260 1777 1455 1829 omissa
1520 1781 1678 1829 erant.
1752 1779 1813 1830 de
1869 1780 1966 1830 hac
2021 1780 2218 1845 triplici

306 1862 520 1926 ratione,
557 1879 657 1928 qua
690 1863 739 1914 in
774 1863 906 1915 libro
950 1865 1147 1916 edendo
1189 1881 1319 1917 usus
1356 1871 1450 1930 est,
1484 1883 1620 1918 nunc
1655 1868 1951 1919 accuratius
1988 1869 2219 1934 disputa-

306 1951 495 2001 bimus,

384 2037 435 2105 1)
485 2040 679 2091 Textus
729 2041 1074 2107 apocalypsiS,
1135 2058 1287 2108 quein
1337 2047 1518 2096 auctor
1566 2046 1881 2097 recensionis
1930 2049 1976 2096 ‹J›
2019 2046 2222 2097 addidit

307 2134 358 2180 et
404 2133 699 2194 postremae
753 2130 1071 2182 recensionis
1130 2135 1311 2183 auctor
1367 2150 1423 2183 ex
1472 2133 1736 2198 prioribus
1791 2135 1979 2186 mixtae
2034 2138 2219 2201 postea

302 2217 536 2279 retinuit,
576 2217 625 2267 in
669 2217 896 2269 editione
938 2221 1114 2271 nostra
1150 2220 1342 2272 litteris
1385 2222 1611 2274 cursiuis
1655 2225 1941 2289 impressus
1986 2227 2038 2275 et
2068 2223 2219 2275 uncis

307 2307 571 2374 angulatis
607 2304 657 2372 ([
684 2306 726 2374 ])
762 2306 998 2359 inclusus
1034 2311 1130 2359 est.
1165 2309 1325 2360 huius
1359 2313 1535 2362 textus
1569 2312 1684 2362 fons
1718 2312 1769 2362 in
1797 2327 1904 2378 cap.
1933 2313 2019 2374 20,
2059 2312 2217 2370 1-8,

307 2397 466 2457 4-5,
516 2396 564 2454 6,
624 2396 796 2445 8—10
845 2394 918 2461 (p.
950 2395 1262 2467 139—145)
1312 2398 1529 2450 indicari
1576 2402 1778 2465 potest·,
1834 2416 1949 2451 nam
1994 2400 2216 2451 eundem

307 2483 640 2550 apocalypsis
687 2486 887 2534 textum
939 2485 1183 2537 exhibent
1229 2487 1561 2552 Augustinus
1610 2488 1658 2538 in
1707 2488 1839 2540 libro
1891 2488 1952 2539 de
1995 2488 2094 2539 ciu.
2136 2487 2218 2539 dei

305 2572 403 2622 XX
444 2574 472 2623 7
517 2574 568 2622 et
609 2572 638 2622 8
690 2570 778 2639 (cf.
810 2577 993 2629 CSEL
1041 2576 1128 2636 40,
1172 2577 1202 2625 2
1245 2592 1291 2640 p.
1327 2578 1450 2640 439,
1494 2577 1673 2628 9—28
1718 2580 1769 2628 et
1810 2578 1934 2639 444,
1978 2578 2219 2645 14—20)

307 2664 358 2712 et
381 2660 669 2726 Augustini
695 2660 745 2711 in
774 2662 868 2713 hac
895 2665 1042 2727 parte
1069 2663 1388 2730 pedisequus
1418 2665 1708 2717 Primasius
1751 2664 1842 2735 (cf.
1868 2666 1917 2716 in
1953 2665 2087 2717 libro
2122 2665 2215 2715 Th.

307 2749 341 2800 Z
363 2749 490 2800 ahn
531 2753 898 2823 Forschunqen
930 2772 1028 2805 zur
1074 2755 1250 2807 Gesch-
1285 2757 1373 2808 des
1407 2762 1619 2808 neutest.
1656 2757 1879 2810 Kanons
1911 2754 1984 2804 IV
2018 2756 2219 2804 ‘textum

308 2837 634 2903 apocalypsis
685 2853 712 2887 a
760 2854 841 2889 me
890 2839 1089 2891 editum
1140 2857 1187 2905 p.
1218 2841 1338 2903 162,
1396 2842 1630 2904 2-103,
1683 2843 1713 2893 6
1764 2845 1817 2894 et
1871 2843 1989 2905 164,
2034 2843 2216 2905 1—-5),

308 2941 365 2977 ex
421 2925 710 2993 Augustini
759 2930 933 2978 autem
980 2927 1113 2980 libro
1165 2928 1259 2980 lias
1309 2934 1484 2995 partes
1525 2931 1898 2997 transscriptas
1942 2946 2057 2982 esse
2096 2929 2217 2981 inde

307 3017 533 3080 apparet,
592 3015 732 3080 quod
776 3016 1063 3081 Augustini
1113 3018 1365 3083 expositio
1416 3035 1523 3086 cap.
1551 3021 1638 3080 20,
1684 3020 1750 3070 10
1800 3019 2071 3071 adiuncta:
2127 3023 2221 3075 hoc

304 3108 417 3158 iam
455 3107 527 3157 ad
564 3107 826 3159 iudicium
865 3110 1214 3160 nouissimum
1247 3112 1477 3178 pertinet
1531 3107 1646 3173 ipsa
1702 3123 1908 3174 quoque
1965 3107 2219 3174 repetitur

306 3192 376 3256 (p.
409 3192 528 3254 145,
562 3192 630 3249 9).
671 3192 762 3244 sed
806 3193 932 3245 utile
967 3194 1066 3245 erit
1094 3194 1333 3246 tabulam
1367 3195 1635 3259 conficere,
1668 3196 1720 3247 in
1757 3213 1857 3262 qua
1890 3196 2066 3248 breuis
2101 3211 2217 3247 con·

308 3282 522 3346 spectus
548 3280 780 3332 omnium
808 3282 1138 3349 apocalypsis
1163 3283 1416 3346 locorum,
1444 3299 1575 3350 quos
1600 3284 1943 3350 interpolator
1967 3281 2217 3346 adiunxit,

305 3370 514 3433 praesto
555 3371 652 3420 est.
