2470 3718
802 258 1267 310 Prolegomena
1317 256 1406 298 13.
1922 245 2042 293 XXI

187 418 319 484 apud
360 417 677 467 Victorinum
717 432 763 480 p.
792 418 906 478 120,
941 416 1122 466 14120
1162 415 1221 464 de
1262 415 1467 466 Iudaeis
1509 414 1881 464 Antichristum
1920 418 2047 465 tam—

188 520 334 567 quam
353 502 611 554 Christum
638 501 1004 566 excipientibus
1028 501 1267 565 legimus
1294 502 1555 565 praeterea
1580 501 1623 549 si
1650 500 1712 549 ad
1730 501 1897 550 Eccle.
1924 502 2044 551 123

186 590 431 640 Victorini
474 588 841 652 expositionem
883 603 926 650 p.
954 589 1036 651 84,
1071 589 1118 644 4,
1162 587 1248 650 qui
1290 586 1549 636 ecustodes
1591 586 1792 636 domus'
1836 588 2045 651 angelos

185 691 296 725 esse
338 674 521 734 uoluit,
569 674 795 724 conferas
837 688 952 722 cum
999 672 1298 736 Hieronymi
1336 672 1531 721 uerbis:
1582 675 1823 725 Custodes
1868 677 2047 725 (tomus

184 770 273 814 aut
313 765 384 813 sol
432 764 745 829 intelleyitur
790 767 834 811 et
882 763 1006 811 luna
1045 766 1089 811 et
1135 763 1363 827 reliquus
1408 766 1666 811 astrorum
1712 761 1907 825 chorus,
1956 766 2046 810 aut

184 851 367 917 angyeli,
409 851 497 915 qui
529 849 645 898 huic
675 849 864 898 mundo
897 849 1195 913 praesident
1234 843 1433 908 (XXIII
1477 844 1609 891 1107
1648 843 1737 905 M),
1777 843 1913 892 haud
1955 843 2043 892 du-

182 933 323 982 bium
381 936 473 990 est,
530 931 648 995 quin
702 930 1035 994 posteriorem
1101 929 1402 979 sententiam
1456 928 1749 978 Victorinus
1804 929 1853 977 in
1911 944 2043 978 com-

183 1017 427 1067 mentario
462 1018 511 1066 in
556 1016 895 1066 Ecclesiasten
938 1015 1198 1080 amplexus
1240 1014 1319 1065 sit.
1363 1017 1586 1064 ceterum
1621 1015 1772 1064 etiam
1807 1015 1906 1063 alia
1934 1014 2043 1063 Vic-

182 1103 334 1153 torini
373 1102 594 1167 uestigia
631 1102 681 1150 in
723 1101 1017 1165 Hieronymi
1061 1101 1424 1150 commentario
1466 1099 1635 1165 detegi
1676 1115 1828 1164 posse
1868 1100 2044 1149 uerisi-

182 1187 302 1237 mile
344 1190 435 1237 est.

256 1333 306 1396 8)
356 1330 715 1379 Victorini
766 1330 1316 1379 commentarius
1366 1329 1428 1378 in
1480 1329 1845 1380 Canticum
1891 1329 2044 1379 Can-

183 1418 502 1465 ticorum.

254 1531 569 1580 Victorinum
626 1531 673 1578 in
721 1530 875 1579 huius
928 1530 1042 1580 libri
1091 1531 1404 1594 expositione
1460 1530 1691 1596 Origenis
1740 1531 2045 1580 auctoritate

182 1617 391 1667 ductum
441 1631 552 1666 esse
603 1632 658 1666 eo
714 1616 877 1682 magis
926 1616 1264 1679 suspicamur,
1321 1615 1471 1680 quod,
1521 1619 1578 1665 ut
1627 1616 1925 1680 Hieronymi
1972 1619 2043 1665 te-

181 1704 417 1752 stimonio
451 1705 668 1762 utamur,
711 1701 971 1767 ‘Origenes
1012 1717 1125 1751 cum
1161 1702 1209 1751 in
1245 1703 1426 1752 ceteris
1458 1702 1602 1752 libris
1638 1718 1810 1752 omnes
1844 1703 2045 1762 uicerit.

181 1790 227 1837 in
286 1788 491 1838 Cantico
543 1787 866 1838 Canticorum
915 1789 1025 1852 ipse
1075 1804 1129 1837 se
1184 1788 1330 1838 uicit²
1379 1787 1596 1854 (Migne‚
1646 1790 1816 1853 patres
1859 1788 2042 1854 graeci,

180 1875 302 1923 XIII
342 1875 447 1939 35).
485 1873 731 1937 reliquiae
771 1875 939 1923 autem
984 1874 1333 1924 commentarii
1374 1874 1575 1926 desunt.

252 2018 306 2073 9)
349 2017 708 2068 Victorini
765 2017 1316 2068 commentarius
1371 2018 1435 2067 in
1491 2018 1945 2068 Matthaeum.

250 2133 323 2181 De
366 2131 609 2181 Victorini
653 2132 963 2196 expositione
1007 2133 1256 2182 Matthaei
1299 2134 1551 2199 euangelii
1598 2134 1938 2198 Hieronymus
1982 2134 2043 2184 de

179 2219 272 2268 uir.
314 2219 399 2268 inl.
433 2219 500 2267 74
547 2220 701 2278 tacet,
758 2217 845 2268 sed
891 2220 946 2268 ut
996 2217 1349 2279 Cassiodorus,
1402 2220 1474 2269 ita
1519 2220 1628 2285 ipse
1677 2235 1878 2284 quoque
1927 2219 2041 2269 aliis

176 2304 304 2354 locis
337 2319 445 2354 eam
480 2308 855 2354 commemorat.
898 2306 1050 2368 atque
1085 2305 1419 2355 Cassiodorus
1453 2303 1538 2371 (de
1569 2306 1687 2355 inst.
1723 2306 1826 2355 diu.
1861 2305 1959 2356 litt.
1985 2306 2039 2371 7)

177 2390 269 2439 hos
309 2391 610 2453 interpretes
658 2389 906 2440 Matthaei
945 2390 1132 2440 latinos
1174 2395 1451 2440 enumerat:
1500 2396 1822 2445 fllatthaeum
1868 2396 2042 2445 beatus

178 2479 527 2545 Hieronymus
557 2481 743 2529 iterum
769 2480 843 2529 bis
868 2481 1002 2530 binis
1027 2481 1174 2531 libris
1198 2483 1441 2546 exposuit,
1477 2498 1623 2548 quem
1652 2483 1808 2530 ctiam
1834 2487 2040 2532 sanctus

177 2566 423 2614 Hilarius
461 2567 516 2614 in
557 2581 655 2614 uno
694 2567 955 2615 uolumine
986 2567 1286 2629 declarauit,
1328 2567 1387 2616 de
1426 2584 1520 2633 quo
1551 2571 1596 2616 et
1636 2567 1946 2630 Victorinus,
1981 2585 2040 2617 er

177 2655 374 2700 oratore
411 2651 685 2716 episcopm,
728 2653 976 2701 nonnulla
1015 2653 1258 2702 disseruit
1298 2647 1456 2714 (LXX
1502 2650 1636 2698 1119
1677 2650 1767 2713 M).
1824 2650 2035 2699 dubium

178 2749 288 2783 esse
328 2735 514 2797 potest,
554 2737 726 2782 utrum
768 2733 1059 2783 Victorinus
1100 2738 1263 2785 totum
1312 2735 1500 2785 librum
1544 2736 1836 2799 exposuerit
1875 2752 1934 2785 an
1976 2736 2037 2784 ad

177 2818 407 2884 singulos
438 2819 578 2868 locos
614 2818 858 2882 quaedam
892 2820 1223 2871 adnotauerit.
1263 2820 1352 2870 sed
1383 2822 1753 2886 Hieronymum
1787 2821 2035 2872 Victorini

176 2919 303 2968 opus
344 2905 758 2954 commentarium
803 2906 1149 2957 nominauisse
1190 2922 1245 2956 ex
1285 2906 1364 2956 his
1406 2907 1605 2957 duobus
1646 2907 1773 2957 locis
1815 2910 2036 2972 apparet,

175 2989 390 3053 primum
435 3006 491 3039 ex
528 2991 738 3056 prologo
781 2993 1256 3042 commentariorum
1297 2993 1346 3042 in
1396 2993 1721 3057 euangelium
1762 2994 2035 3044 Matthaei:

178 3078 378 3144 Leyisse
409 3096 486 3128 me
509 3079 692 3143 fateor
721 3085 838 3130 ante
875 3098 1035 3132 annos
1063 3083 1316 3148 plurimos
1345 3084 1402 3133 in
1438 3082 1759 3133 Mattlzaeum
1798 3083 2035 3149 Oriyenis

176 3165 362 3230 uiqinti
379 3166 599 3231 quinque
621 3167 886 3216 uolumina
903 3171 948 3216 et
967 3169 1171 3217 totidem
1196 3170 1304 3218 eius
1327 3168 1567 3218 homilias
1584 3171 2033 3234 commaticumque

174 3252 611 3315 interpretationis
637 3268 810 3317 qenus,
845 3257 890 3301 et
923 3253 1204 3319 Theophili,
1250 3254 1591 3304 Antiochenae
1621 3256 1764 3304 urbis
1796 3256 2030 3320 episcopi,

175 3337 572 3398 commentarios,
599 3336 872 3403 Hippolyti
890 3355 1080 3405 quoque
1105 3341 1354 3406 martyris
1371 3344 1416 3389 et
1438 3340 1688 3390 Theodori
1705 3340 2034 3390 Heracleotae

176 3422 596 3488 Apollinarisque
620 3422 898 3472 Laodiceni
923 3441 982 3473 ac
1006 3424 1224 3490 Didymi
1248 3425 1595 3475 Alexandrini
1606 3444 1623 3487 ,·
1653 3430 1698 3475 et
1722 3426 2033 3475 Latinorum
