2470 3718
327 131 469 181 LXH
916 143 1640 199 ProlegonienaIlIB3.

330 318 422 359 cap.
459 307 503 346 et
534 318 648 347 uers.
1646 307 1839 361 paginae
1875 307 1982 350 edit.

358 378 638 433 apocalypsis
1729 383 1909 423 nostrae

421 451 456 505 1,
491 452 517 492 4
550 452 576 493 b
686 465 783 493 cuni
818 452 951 506 Vulg.
1520 472 1575 489 Ξ
1643 455 1710 506 17,
1747 455 1923 497 13-14

418 526 456 579 1,
493 526 517 567 6
685 526 783 578 (deo
817 531 858 568 et
881 526 1014 580 patri
1044 529 1144 579 suo)
1180 540 1278 568 curn
1314 527 1444 582 Vulg.
1524 547 1579 563 Ξ
1645 529 1713 582 19,
1749 529 1805 570 10

417 599 455 654 1,
492 599 544 641 14
684 600 741 655 (et
774 604 1007 654 tamquam
1038 600 1137 654 πίω)
1182 614 1278 642 cum
1311 600 1444 655 Vulg.
1523 621 1578 637 =
1644 602 1714 653 21,
1749 603 1771 644 7

415 673 454 723 2,
491 673 515 715 6
684 674 776 728 (sic,
805 674 954 729 inquit
980 676 1083 728 (orn.
1115 675 1168 728 s),
1201 674 1338 716 habes
1372 679 1411 716 ot
1444 679 1493 716 tu
1527 694 1581 710 z
1645 676 1715 729 35,
1749 676 1774 718 8
1808 676 1871 730 (in
1906 689 2005 731 app.
2043 677 2158 730 crit.)

743 747 869 790 odire
902 761 1041 802 opera
1072 748 1438 802 Nicolaitarum)

416 819 453 874 2,
490 821 661 863 14-16
696 821 769 876 (cf.
804 821 955 877 vulg.)
1523 843 1577 858 z
1643 824 1712 876 37,
1750 824 1922 866 11-15

415 894 455 948 3,
488 895 513 935 2
696 898 755 946 (et
790 895 888 937 ideo
923 896 1011 949 aie)
1526 917 1579 932 z
1642 897 1713 948 41,
1749 898 1773 939 6

414 968 454 1021 3,
492 967 544 1010 18
696 968 903 1023 (suadeo)
937 983 1032 1011 cum
1068 969 1198 1024 Vulg.
1523 990 1576 1006 z
1640 971 1712 1025 43,
1752 971 1803 1014 17
1841 971 1903 1027 (in
1937 985 2035 1026 app.
2072 973 2185 1017 crit)v

415 1044 452 1093 5,
489 1042 512 1083 3
695 1044 889 1097 (aperire
923 1043 1101 1097 librum)
1137 1057 1231 1086 cuin
1265 1043 1396 1098 Vulg.
1522 1065 1576 1080 z
1641 1046 1711 1096 61,
1748 1045 1801 1087 16

415 1118 453 1170 6,
492 1115 588 1158 1410
706 1129 803 1158 cum
837 1116 969 1171 Vulg.
1524 1138 1577 1153 z
1643 1120 1711 1173 77,
1750 1119 1921 1160 15-16

390 1190 456 1241 11,
491 1189 516 1231 8
701 1203 799 1231 cum
832 1190 965 1245 Vulg.
1525 1212 1578 1227 z
1615 1192 1712 1246 103,
1749 1191 1922 1235 17—-18

387 1264 454 1313 17,
490 1265 513 1305 9
711 1264 898 1318 (habens
931 1264 1085 1319 capita
1118 1267 1298 1318 septem)
1525 1285 1579 1300 z
1617 1267 1712 1317 119,
1749 1267 1769 1308 1

388 1337 454 1390 15,
491 1338 510 1378 1
713 1352 809 1379 cum
842 1338 975 1393 Vulg.
1527 1360 1582 1374 z
1619 1341 1715 1392 137,
1749 1342 1777 1383 4
1810 1341 1873 1396 (in
1908 1355 2007 1396 app.
2043 1341 2158 1395 crit.)

399 1439 510 1482 Item
546 1441 683 1483 semel
709 1441 867 1483 Esaiae
901 1441 1209 1483 testimonium
1244 1442 1486 1484 secundum
1513 1443 1751 1499 Vulgatam
1783 1444 2042 1487 adiunctum
2071 1447 2158 1488 est:
2195 1451 2234 1488 et

325 1514 517 1557 Esaias:
549 1515 727 1569 spiritu,
761 1515 922 1569 inquit,
958 1515 1186 1558 labiorum
1218 1530 1401 1559 suorum
1434 1518 1675 1571 iiite'rficiec
1698 1520 1885 1572 impium
1903 1534 1942 1573 p.
1964 1519 2032 1572 25,
2061 1520 2230 1561 15-16

326 1590 400 1641 (z
434 1588 552 1630 Esai.
590 1589 656 1643 11,
690 1590 750 1642 4).

399 1693 452 1762 2)
494 1694 767 1744 Accedunt
807 1694 908 1744 alia
950 1694 1320 1759 additamenta,
1365 1712 1494 1762 quae
1538 1698 1720 1748 auctor
1758 1713 1856 1748 rec.
1898 1701 1940 1753 S
1980 1697 2231 1760 adiunxit,

325 1785 384 1833 ut
418 1785 507 1833 aut
541 1782 853 1834 elocutionis
888 1782 1101 1834 modurn
1136 1784 1327 1848 poliret
1360 1787 1451 1836 aut
1475 1788 1649 1837 textus
1679 1786 2058 1853 expositionem
2090 1787 2232 1839 locu-

324 1871 563 1936 pletaret.
602 1872 731 1923 haec
764 1886 994 1922 memoro
1039 1874 1297 1938 exempla:

324 2017 365 2058 p.
393 2002 463 2055 25,
497 2003 522 2045 3
556 2002 628 2057 (cf.
664 2017 763 2059 app.
799 2003 938 2056 crit.):
997 2008 1037 2046 et
1067 2003 1176 2046 haec
1209 2003 1261 2047 de
1294 2017 1368 2047 ore
1399 2018 1481 2047 suo
1505 2006 1779 2060 processisse
1811 2008 2022 2060 (testatus
2056 2010 2118 2049 est
2155 2007 2234 2049 sed

414 2076 514 2118 add.
549 2076 605 2131 S)
639 2082 679 2119 et
711 2078 850 2120 Petro
885 2078 965 2119 ait.

325 2165 366 2206 p.
394 2151 463 2201 31,
491 2151 537 2193 7:
566 2151 620 2192 ad
645 2152 1032 2205 interpretandam
1064 2165 1220 2194 uocem
1255 2153 1438 2195 tunicas
1468 2166 1579 2195 suas
1611 2156 1766 2195 auctor
1797 2167 1881 2196 rec.
1913 2155 1952 2195 Φ
1974 2153 2228 2198 addiderat:

411 2223 464 2265 iel
494 2229 556 2266 est
587 2225 963 2267 inmortalitatem
986 2226 1275 2279 promissam.
1324 2226 1393 2267 his
1441 2227 1591 2268 uerbis
1641 2227 1815 2269 omissis
1863 2228 2043 2283 scripsit
2088 2242 2230 2271 nouus

413 2299 732 2353 interpolator:
781 2300 960 2342 tunicas
1012 2313 1120 2341 uero
1175 2313 1297 2354 suas,
1353 2301 1517 2355 quibus
1570 2302 1791 2355 cooperiri
1836 2315 1881 2344 se
1928 2307 2100 2356 optant,
2149 2303 2231 2346 im—

412 2373 712 2415 mortalitatis
741 2373 894 2427 [floria
926 2378 1003 2423 est,
1038 2373 1090 2415 de
1122 2388 1214 2427 qua
1245 2374 1428 2417 Paulus
1462 2375 1529 2416 ait
1562 2376 1809 2429 apostolus.

324 2460 364 2501 p.
392 2446 464 2498 89,
499 2446 573 2489 15:
610 2446 661 2488 ab
696 2447 1070 2502 interpretatione
1102 2448 1208 2490 libri
1234 2448 1390 2503 aperti,
1421 2463 1552 2503 quani
1583 2450 1621 2490 ‹J›
1648 2453 1986 2504 praeposuerat:
2012 2451 2230 2493 reuelatio

414 2533 594 2573 operum
620 2521 670 2562 iii
689 2522 852 2575 futuro
871 2521 1056 2577 iudicio,
1075 2522 1296 2564 transitur
1321 2522 1377 2564 ad
1404 2524 1643 2577 genuinam
1665 2523 1880 2566 Victorini
1910 2524 2231 2580 expositionem

415 2593 468 2634 ab
501 2593 772 2650 Hieronymo
808 2598 1118 2638 conseruat-am
1151 2596 1373 2651 particula
1413 2597 1486 2639 uel
1526 2597 1763 2639 adiuncta:
1827 2598 1902 2640 uel
1942 2599 2231 2654 apocalypsis

414 2671 477 2709 esi
509 2682 645 2722 quam
680 2669 851 2722 accepit
882 2669 1132 2712 Iohannes.

325 2756 365 2796 p.
395 2741 491 2795 125,
529 2742 713 2796 1-127,
750 2743 825 2795 10:
867 2743 1003 2785 simili
1040 2743 1173 2786 modo
1214 2744 1258 2785 in
1299 2758 1481 2787 numero
1519 2746 1617 2787 666
1650 2745 1909 2800 exponendo
1944 2745 1980 2788 S
2011 2746 2229 2802 interpre-

413 2815 612 2857 tationes
660 2817 856 2871 priorum
896 2817 1207 2859 recensionum
1245 2817 1311 2859 ita
1352 2818 1595 2873 copulanit,
1636 2821 1686 2860 ut
1729 2833 1753 2860 a
1785 2819 2043 2861 nominibus
2074 2832 2159 2862 rec.
2192 2821 2229 2861 Φ

420 2889 584 2930 Teitan
611 2892 655 2931 et
680 2889 854 2932 Diolax
878 2890 1058 2932 initium
1084 2891 1266 2942 faceret,
1300 2894 1397 2933 tum
1421 2892 1637 2934 transiret
1662 2892 1717 2934 ad
1740 2893 1921 2934 nomina
1945 2894 2161 2935 Antemos
2187 2896 2231 2934 et

417 2961 697 3016 Genserikos,
726 2977 839 3018 quae
872 2965 917 3006 in
950 2964 1238 3020 archetypum
1271 2978 1355 3007 rec.
1381 2966 1423 3007 Y
1447 2966 1731 3020 irrepserant.

324 3052 364 3093 p.
395 3036 491 3090 101,
526 3037 571 3079 6:
606 3037 769 3088 uerbis,
804 3037 964 3093 quibus
992 3037 1232 3081 secundum
1257 3039 1478 3082 Victorini
1512 3040 1837 3094 expositionem
1869 3040 2095 3083 indicatur
2120 3041 2228 3082 duas

414 3110 557 3152 oliuas
588 3110 633 3153 in
668 3115 913 3167 conspectu
939 3111 1106 3154 domini
1137 3115 1282 3155 terrae
1316 3115 1489 3155 stantes
1523 3126 1619 3155 esse
1645 3113 1689 3154 in
1716 3113 1939 3168 paradiso,
1974 3115 2057 3156 alia
2094 3115 2229 3156 inter-

412 3184 607 3239 pretatio
643 3183 906 3240 adiungitur
937 3184 1019 3228 hoc
1051 3185 1206 3228 modo:
1236 3186 1341 3229 item
1374 3187 1468 3229 alio
1508 3201 1665 3229 sensa:
1702 3188 1753 3230 in
1785 3193 2024 3242 conspectu
2056 3188 2230 3232 domini

415 3262 562 3300 terrae
591 3262 765 3300 stantes
794 3257 845 3300 id
876 3264 940 3302 est
971 3259 1021 3300 in
1053 3264 1289 3314 conspeetu
1319 3260 1607 3303 Antichristi.

323 3347 364 3388 p.
395 3333 491 3383 153,
525 3333 661 3375 3—5:
710 3333 1012 3389 interpolator
1042 3333 1078 3375 S
1107 3335 1255 3376 noluit
1288 3347 1386 3376 cum
1418 3334 1688 3390 Hieronymo
1723 3338 1865 3377 totam
1907 3335 2227 3390 expositionem

412 3406 477 3449 ita
526 3405 745 3460 claudere,
794 3410 847 3449 ut
894 3407 1106 3451 Cerintho
1163 3408 1391 3452 haeretico
1433 3409 1616 3464 eiusque
1659 3409 1841 3451 asseclis
1883 3408 2226 3458 contradiceret,
