2470 3718
269 147 374 196 166
1091 146 1149 188 II.
1201 146 1396 189 Index

257 303 426 345 Paulus
483 303 547 345 ait
587 303 657 354 24,
702 303 778 357 14,
820 305 896 357 25,
943 304 1023 357 13,
1062 303 1134 358 30,
1175 304 1224 361 8,
1334 304 1687 361 (Hieronymus:
1758 306 1981 364 Christus)
2060 326 2236 357 carnem

324 378 392 427 31,
447 379 504 426 7,·
554 377 651 426 102,
701 378 752 431 3,
799 378 905 430 103,
957 380 1008 430 3,
1055 378 1223 420 Paulus
1332 382 1590 434 sumpturus
1623 380 1721 431 106,
1759 381 1835 436 12,
1876 384 1983 438 107,
2016 387 2096 439 15,-
2140 388 2234 443 sig-

314 451 545 505 apostolus
562 451 626 493 ait
653 451 752 506 114,
782 451 855 506 133
883 452 980 506 115,
1006 452 1079 495 16.
1104 452 1222 494 Pau-
1330 452 1547 496 nificabat
1609 454 1815 509 spiritum
1882 462 2086 502 sanctum
2150 461 2232 504 hoc

312 523 382 565 lus
423 524 653 579 apostolus
689 526 970 567 contestatur
1009 527 1117 576 103,
1168 528 1223 578 2;
1330 540 1427 570 esse
1460 526 1685 570 facturum
1719 529 1788 584 74,
1823 530 1849 572 8
1880 531 2230 590 (Hieronymus.-

310 596 479 639 Paulus
512 599 791 640 contestatus
819 601 887 641 est
917 598 1015 654 102,
1043 600 1083 641 2.
1110 599 1222 642 dicit
1327 601 1612 656 significante
1638 603 1799 658 spiritu
1826 609 1980 649 sancto
2002 606 2230 651 Christum

311 671 416 725 103,
464 672 545 724 10,
595 671 709 714 dixit
752 672 851 726 102,
889 673 965 724 10,
1016 673 1084 715 ita
1107 672 1221 716 dixit
1327 675 1411 718 hoc
1444 676 1582 718 semel
1613 676 1834 720 facturum
1874 682 1949 733 75,
1984 683 2055 736 8);
2080 682 2163 725 hoc
2190 687 2235 726 et

315 744 414 800 142,
440 746 480 787 2.
508 744 662 788 docuit
680 746 750 801 28,
778 747 824 801 6,
847 749 925 796 29,
951 750 992 790 6.
1010 747 1216 790 meminit
1325 750 1371 791 in
1424 751 1672 823 ‘euangelio
1736 753 1966 808 suppleuit
2027 755 2232 800 Christus

321 817 510 861 dicendo
541 820 637 872 152,
672 820 713 862 4.
747 822 928 877 scripsit
960 821 1031 873 28,
1064 821 1105 864 8.
1142 822 1216 873 10,
1329 824 1682 880 (Hieronymuss
1715 827 1901 881 spiritus
1935 832 2135 882 sanctus)
2166 830 2231 873 di-

317 893 393 944 29,
438 895 479 934 8.
521 894 595 935 10.
636 896 807 949 septem
850 894 1066 937 ecclesiae
1099 895 1219 951 apud
1326 896 1465 939 cendo
1490 898 1562 952 58,
1600 899 1676 952 11,
1716 901 1789 949 59,
1822 901 1894 954 11,·
1928 900 2131 945 Christus
2157 919 2235 960 per

314 965 501 1008 Paulum
541 968 580 1020 7,
614 968 667 1010 21
705 970 782 1022 (cf.
815 969 886 1019 28,
923 969 979 1022 7).
1326 971 1573 1026 prophetas
1622 985 1726 1014 suos
1776 972 1888 1015 dicit
1936 975 1978 1028 5,
2029 976 2106 1031 14,
2154 992 2233 1033 per

256 1038 421 1082 Petrus
448 1040 680 1096 apostolus
708 1041 817 1084 dicit
847 1042 914 1097 18,
943 1042 1014 1093 10,
1043 1044 1115 1098 19,
1140 1045 1215 1093 11,·
1323 1042 1508 1098 Moysen
1572 1044 1687 1100 legis
1750 1046 1960 1089 notitiam
2016 1050 2225 1093 uniuerso

318 1114 480 1156 Petrus
531 1114 587 1156 ad
629 1115 790 1157 Iudeos
840 1116 1107 1159 exclamauit
1145 1117 1215 1174 26,
1324 1117 1422 1159 orbi
1466 1119 1658 1173 protulit
1697 1120 1766 1171 22,
1811 1122 1857 1171 7;
1901 1124 1981 1175 23,
2021 1124 2104 1176 12;
2153 1138 2230 1179 per

317 1187 395 1238 11;
443 1190 521 1238 27,
555 1190 625 1230 12.
1323 1191 1566 1246 prophetas
1621 1192 1684 1247 (in
1740 1195 1991 1250 prophetis)
2046 1196 2222 1239 locutus

258 1261 405 1304 Petri:
438 1262 613 1304 Marcus
637 1262 856 1319 interpres
883 1264 1006 1306 Petri
1039 1266 1109 1319 50,
1144 1266 1214 1310 20.
1324 1267 1393 1307 est
1439 1266 1512 1316 44,
1563 1266 1639 1320 15,
1692 1270 1769 1318 45,
1809 1269 1893 1322 18,
1939 1270 1996 1323 cf.
2045 1271 2228 1325 spiritus

253 1335 672 1391 Petro:(dominus)
692 1338 825 1379 Petro
846 1338 911 1381 ait
928 1339 1215 1395 24‚2;25,3.
1321 1341 1539 1392 (sanctus)
1587 1354 1666 1394 per
1713 1342 1955 1397 prophetas
2005 1346 2226 1398 protesta-

251 1409 592 1464 Philippenses:
627 1411 795 1453 Paulus
821 1412 1002 1467 scripsit
1027 1413 1083 1455 ad
1107 1413 1214 1455 Phi·
1322 1414 1395 1454 tus
1429 1413 1534 1469 (est)
1566 1414 1635 1468 90,
1668 1416 1717 1467 4,
1755 1416 1821 1470 91,
1861 1419 1902 1459 5.

313 1483 540 1539 lippenses
574 1485 645 1538 28,
680 1486 729 1539 9,
770 1488 849 1539 29,
887 1489 926 1528 9.
1264 1486 1449 1541 spiritus
1499 1494 1680 1531 sanctus
1725 1509 1778 1525 z
1822 1490 1990 1533 donum
2034 1491 2229 1535 Christi.-

251 1556 482 1599 Phoebus:
510 1558 740 1600 Phoebum
760 1559 885 1613 [124,
909 1561 982 1615 5];
1009 1561 1133 1615 (125,
1154 1563 1214 1615 3).
1323 1561 1368 1602 in
1410 1562 1544 1604 caelis
1587 1563 1793 1605 ascendit
1825 1563 2022 1606 adunato
2059 1568 2104 1607 et
2135 1566 2223 1607 isto

252 1628 498 1672 Phoenice:
540 1644 681 1686 usque
723 1631 779 1674 ad
811 1646 930 1675 mare
964 1633 1215 1677 Phoenices
1323 1647 1503 1688 corpore
1546 1647 1645 1676 cum
1687 1636 1847 1690 spiritu
1881 1636 2051 1691 gloriae
2086 1652 2220 1692 quam

313 1704 420 1757 139,
455 1707 514 1758 2,·
546 1704 644 1759 148,
681 1707 747 1747 15.
1321 1707 1491 1762 recepit
1540 1721 1565 1750 a
1610 1710 1737 1763 patre
1783 1709 1851 1763 18,
1895 1710 1969 1759 18;
2019 1712 2090 1763 19,
2132 1714 2225 1763 20;

1322 1780 1505 1835 spiritus
1532 1783 1715 1824 sanctus
1741 1782 2017 1837 septiformis
2035 1784 2219 1826 uirtutis

253 1850 462 1894 Romani:
497 1853 663 1895 Paulus
698 1854 877 1910 scripsit
903 1855 957 1898 ad
990 1856 1213 1900 Romanos
1322 1854 1452 1897 datus
1511 1856 1580 1897 est
1633 1855 1679 1897 in
1735 1858 2007 1911 potestatem
2056 1857 2149 1900 eius
2199 1873 2223 1900 a

310 1926 381 1977 28,
416 1927 459 1977 8;
508 1929 584 1977 29,
620 1931 664 1970 8.
1318 1931 1445 1984 patre
1472 1930 1541 1985 26,
1576 1932 1622 1983 9,
1658 1933 1735 1984 27,
1771 1932 1857 1984 10,
1891 1935 2063 1987 septem
2090 1933 2219 1988 spiri-

251 1997 480 2041 Romanus
531 2001 748 2056 (adiect.):
803 2003 963 2045 ciuitas
1012 2005 1213 2047 Romana
1318 2006 1392 2045 tus
1427 2004 1558 2046 unius
1593 2004 1709 2046 dona
1734 2007 1839 2046 sunt
1864 2004 2049 2060 spiritus
2075 2007 2221 2048 sancti

311 2073 410 2122 118,
446 2074 494 2130 2,
526 2075 621 2126 119,
657 2078 710 2130 2,-
742 2078 872 2119 ruina
898 2079 1098 2121 ciuitatis
1122 2080 1211 2122 Ro-
1321 2077 1389 2132 18,
1424 2079 1469 2131 3;
1507 2079 1580 2132 19,
1616 2081 1659 2121 3.

309 2160 467 2189 manae
494 2148 663 2203 86,12,
694 2151 863 2204 87,11,
892 2153 1062 2207 septem
1082 2167 1210 2209 reges
1259 2151 1445 2206 spiritus
1486 2153 1667 2193 sanctus
1701 2171 1756 2187 z
1791 2151 1960 2194 donum
2003 2153 2218 2195 credenti-

311 2219 536 2263 Romanos
572 2222 670 2273 110,
705 2224 751 2273 7;
799 2225 887 2278 111,
925 2227 970 2277 9;
1015 2226 1068 2269 ab
1103 2229 1210 2271 urbe
1318 2224 1400 2267 bus
1454 2238 1483 2266 α
1542 2223 1723 2267 Christo
1779 2225 1959 2268 datum.-
2012 2227 2217 2280 spiritum

314 2295 515 2337 Romana
550 2297 648 2347 118,
686 2299 758 2351 17,
801 2299 896 2353 119,
931 2300 1001 2342 18.
1315 2302 1519 2341 sanctum
1567 2298 1740 2353 effudit,
1789 2300 1863 2354 qui
1910 2299 2104 2342 ferturus
2149 2305 2217 2343 est

1314 2372 1540 2414 hominem
1576 2371 1632 2414 ad
1667 2372 1836 2414 caelum
1863 2372 1934 2426 46,
1971 2374 2020 2426 7,
2060 2377 2137 2422 47,
2165 2376 2220 2427 8,

251 2440 427 2484 Salamo
460 2444 534 2486 uel
561 2443 762 2488 Salomoz
798 2447 842 2488 in
877 2446 1054 2489 domum
1083 2448 1207 2491 Sala·
1316 2446 1375 2500 cf.
1408 2446 1477 2500 26,
1515 2446 1590 2498 12,
1633 2449 1714 2498 27,
1746 2447 1826 2498 13,
1870 2449 1945 2501 97,
1982 2450 2035 2500 8,·
2068 2448 2218 2490 emisit

307 2517 452 2558 monis
493 2518 533 2571 8,
574 2520 620 2569 4,
668 2533 746 2574 per
780 2519 1065 2563 Salomonem
1098 2520 1209 2564 dixit
1318 2521 1477 2574 (misit)
1534 2521 1740 2576 spiritum
1789 2523 1992 2563 sanctum
2040 2522 2110 2575 68,
2166 2523 2210 2574 4;

306 2589 378 2639 20,
405 2590 455 2643 3,
484 2590 530 2631 in
565 2590 801 2634 Salomone
834 2594 948 2646 (scil.
983 2594 1124 2637 Prou.
1162 2598 1205 2650 8,
1320 2597 1395 2646 69,
1431 2597 1486 2644 8,·
1520 2595 1705 2637 uerbum
1736 2595 2090 2651 praedicationis
2118 2610 2215 2638 cum

308 2664 393 2715 20)
428 2662 537 2705 dicit
569 2664 639 2718 21,
677 2666 718 2705 3.
1314 2668 1476 2722 spiritu
1531 2671 1686 2711 sancto
1736 2669 1782 2711 in
1831 2669 1982 2711 orbem
2029 2671 2212 2711 missum

252 2735 449 2778 Sodoma
496 2738 623 2792 (103,
671 2739 767 2792 18),
817 2739 1058 2782 Sodomam
1107 2742 1205 2796 102,
1313 2742 1384 2793 68,
1421 2743 1493 2793 13;
1535 2745 1610 2797 69,
1643 2744 1725 2796 16,
1757 2743 1957 2798 aperitur
1979 2756 2059 2798 per
2083 2743 2213 2798 spiri-

314 2810 391 2863 172,
433 2810 539 2862 103,
572 2812 644 2854 18.
1311 2818 1406 2858 tum
1441 2819 1644 2859 sanctum
1679 2831 1802 2859 mens
1829 2816 2027 2859 fidelium
2051 2817 2122 2871 46,
2159 2818 2211 2870 9,

248 2883 346 2926 Sol:
396 2885 542 2926 Solem
589 2885 912 2941 Phoebumque
962 2887 1087 2942 [124,
1136 2890 1205 2944 5];
1317 2892 1401 2943 47,
1436 2890 1518 2941 10,
1559 2890 1742 2945 spiritus
1776 2891 1958 2932 sanctus
1991 2891 2134 2932 nutrit
2166 2892 2208 2932 in

306 2959 431 3013 (125,
467 2961 529 3010 3).
1313 2963 1455 3004 uitam
1490 2966 1718 3005 aeternam
1751 2963 1820 3017 30,
1848 2965 1896 3018 5,
1932 2964 1998 3017 31,
2037 2967 2086 3015 4,·
2119 2964 2209 3018 spi-

246 3030 330 3074 Sor
369 3034 441 3083 (=
485 3029 583 3087 Σόρ,
630 3032 796 3088 Tyrus)
838 3033 937 3087 132,
982 3034 1059 3088 11,
1098 3035 1203 3086 133,
1312 3037 1402 3078 ritu
1438 3038 1592 3079 sancto
1627 3037 1796 3092 signari
1828 3037 2031 3079 homines
2065 3038 2135 3088 66,
2162 3038 2207 3092 9,

304 3106 386 3156 12,
436 3104 489 3147 de
531 3104 614 3148 Sor
663 3106 785 3149 dicta
832 3110 936 3149 sunt
982 3108 1079 3161 132,
1127 3109 1200 3158 12;
1317 3113 1392 3162 67,
1439 3112 1490 3163 9,
1529 3112 1800 3166 acceperunt
1833 3110 1972 3153 stolas
2005 3110 2129 3153 albas
2163 3111 2209 3153 id

305 3182 462 3223 contra
494 3179 576 3222 Sor
608 3181 712 3232 133,
747 3182 818 3224 13.
1312 3186 1382 3226 est
1427 3183 1590 3226 donum
1640 3184 1824 3239 spiritus
1865 3185 2011 3227 sancti
2052 3185 2119 3236 76,
2161 3186 2205 3238 1,

245 3253 432 3309 spiritus
458 3256 639 3296 sanctus
657 3275 712 3291 z
737 3255 962 3299 Christus.-
997 3256 1203 3312 spiritum
1316 3260 1392 3310 77,
1427 3260 1472 3300 2.
1513 3258 1671 3313 plenus
1698 3258 1859 3313 spiritu
1886 3261 2040 3301 sancto
2067 3260 2108 3313 8,
2137 3260 2204 3303 10.

305 3329 507 3370 sanctum
547 3328 591 3369 in
632 3342 761 3370 carne
803 3342 898 3371 esse
942 3343 1200 3373 conuersum
1252 3332 1436 3387 spiritus
1477 3334 1658 3374 sanctus
1699 3352 1754 3368 :z
1794 3332 1986 3387 spiritus
2010 3333 2204 3388 prophe-

306 3401 346 3451 8,
399 3401 474 3455 13,
528 3415 576 3443 ex
622 3401 827 3456 patribus
877 3406 970 3446 erat
1019 3404 1203 3460 spiritus
1311 3405 1423 3447 tiae:
1451 3405 1516 3448 ait
1550 3406 1648 3459 122,
1682 3406 1730 3460 3,
1763 3407 1868 3461 123,
1905 3409 1958 3459 4,
1991 3407 2088 3461 148,
2125 3407 2203 3460 12,
