2470 3718
333 103 408 153 ,36
940 99 1126 142 Editio
1159 100 1440 143 Victorini
1472 101 1517 143 II
1551 103 1678 145 2—3.

333 277 476 312 esse
528 263 587 312 et
626 260 934 322 laborare,
992 260 1096 311 sed
1150 260 1383 314 diuites
1444 263 1622 324 estis3
1683 264 1783 315 scit
1825 266 1961 315 enim
2004 267 2141 333 apud
2184 284 2236 319 se

336 349 532 400 talibus
584 348 796 399 diuitias
846 364 959 399 esse
1007 348 1318 412 reconditas,
1371 351 1424 400 et
1471 350 1903 404 detractationem
1953 354 2014 405 de
2060 355 2236 406 Iudeis

338 451 466 500 quos
510 438 665 503 negat
707 452 820 487 esse
861 436 1068 498 Iudeos,
1113 437 1204 487 sed
1239 437 1542 505 sinagogam
1579 442 1805 503 satanae,
1844 441 2089 506 quoniam
2122 443 2238 510 (ab)

336 523 660 575 Antichristo
712 523 1045 591 colliguntur,
1097 525 1287 589 quibus
1331 526 1418 587 ait,
1469 529 1529 576 ut
1574 531 1913 593 perseuerent
1960 546 2125 596 usque
2174 532 2233 581 ad

107 614 581 673 2,10.11m01·tem,
634 613 708 662 et:
760 613 861 677 qui
908 613 1431 678 perseuerauerit,
1482 630 1595 665 non
1646 615 1933 667 laedetur
1974 634 2001 667 a
2043 622 2235 670 morte
2291 637 2310 671 5

336 701 622 762 secunda,
664 701 715 750 id
758 704 838 752 est
878 706 993 752 ‘non
1037 702 1384 768 castigabitur
1424 704 1472 754 in
1514 703 1747 756 inferno'.

72 788 106 839 3
410 788 585 838 Tertia
625 788 809 839 classis
852 792 1152 840 sanctorum
1195 790 1424 842 ostendit
1458 807 1571 843 esse
1605 792 1763 855 uiros,
1799 793 1887 858 qui
1920 793 2078 845 fortes
2115 797 2237 845 sunt

333 875 384 926 in
442 875 541 927 fide
599 879 650 927 et
704 893 803 928 non
855 882 1206 943 expauescunt
1251 881 1683 944 persecutionem.
1742 881 1832 932 sed
1876 882 1996 947 quia
2036 883 2087 933 in
2127 883 2233 934 illis

170 976 211 1030 2,
247 975 302 1018 16
336 964 425 1014 aiii
466 965 613 1030 proni
654 968 777 1015 sunt
819 965 881 1015 ad
921 966 1150 1018 inlicitas
1192 967 1583 1033 permissiones,
1627 969 1720 1020 ait:
1771 971 2058 1037 pugnabo
2103 986 2235 1022 cum

333 1053 468 1104 illis
526 1053 734 1119 gladio
794 1054 916 1105 oris
974 1055 1107 1116 mei,
1157 1055 1211 1106 id
1260 1058 1341 1107 est
1390 1056 1531 1122 ‘quid
1578 1058 1931 1124 praeceperim
1975 1059 2141 1110 dicam
2186 1063 2235 1111 et
2268 1077 2310 1110 10

168 1146 211 1199 2,
247 1146 302 1189 14
336 1141 462 1206 quid
518 1142 744 1192 feceritis
804 1143 1097 1194 conferam'.
1149 1141 1256 1212 [fol.
1311 1142 1382 1213 5‘]
1433 1161 1549 1195 nam
1591 1146 1839 1197 Balaam
1891 1148 2234 1198 doctrinam

333 1227 482 1298 [qui]
522 1229 786 1281 docebat
817 1230 1070 1281 mittere
1106 1231 1469 1282 scandalum
1513 1235 1652 1284 ante
1697 1235 1910 1285 oculos
1953 1235 2234 1286 filiorum

332 1316 551 1379 Israel,
609 1333 744 1368 esse
803 1318 1080 1370 delibata
1137 1322 1195 1370 et
1235 1319 1558 1372 fornicari:
1613 1321 1735 1372 oiim
1777 1325 1958 1373 notum
2002 1325 2103 1384 est,
2146 1323 2233 1375 ille

333 1404 471 1455 enim
521 1405 617 1455 hoc
670 1405 945 1457 consilium
996 1407 1137 1458 dedit
1185 1408 1294 1474 regi
1344 1408 1695 1460 Moabitarum
1752 1413 1801 1460 et
1859 1411 1932 1462 sic
1983 1411 2234 1462 scandali-

483 1562 538 1603 14
572 1562 623 1607 cf.
658 1562 790 1605 Num.
825 1564 895 1618 25,
932 1564 968 1607 1.
1003 1565 1028 1605 2
1064 1566 1107 1606 et
1140 1565 1209 1616 31,
1246 1565 1299 1608 16

391 1665 417 1706 2
453 1664 823 1707 detrectationem
857 1666 979 1708 Ama
1055 1668 1080 1709 3
1116 1667 1168 1708 ab
1204 1681 1286 1710 om.
1321 1668 1363 1709 A
1435 1670 1456 1710 7
1494 1682 1589 1711 esse
1624 1669 1742 1711 uiros
1776 1670 1897 1711 uiros
1929 1670 1987 1724 A,
2011 1683 2102 1725 pro
2137 1685 2232 1714 esse

330 1738 451 1779 uiros
483 1740 560 1780 ΜΞ
590 1738 823 1782 substituit
853 1740 904 1781 in
934 1754 1015 1795 my.
1051 1741 1181 1783 aliter
1214 1755 1393 1784 seueros
1459 1742 1511 1783 12
1546 1743 1620 1797 qui
1653 1744 1784 1785 uncis
1816 1744 1984 1786 inclusi
2048 1744 2102 1786 13
2137 1759 2232 1788 esse

329 1811 503 1865 scripsi,
539 1811 616 1853 sed
647 1811 691 1853 A
732 1814 846 1865 (csse
886 1812 1132 1856 delibatum
1172 1814 1199 1857 i.
1237 1829 1272 1857 6.
1308 1815 1451 1869 edere,
1493 1818 1543 1857 ut
1582 1817 1628 1857 in
1669 1830 1827 1871 graeco
1869 1817 1940 1858 hic
1984 1819 2051 1859 cst
2086 1824 2232 1875 φαγεῖν

331 1882 601 1926 εἰδωλόθυτα
632 1885 851 1939 mamus)
951 1887 1054 1929 olim
1088 1908 1143 1924 z
1176 1888 1307 1931 πάλαι
1402 1890 1457 1930 14
1489 1890 1584 1944 regi
1617 1890 1791 1944 scripsi,
1825 1904 1980 1946 regum
2013 1892 2056 1933 A
