2470 3718
732 930 1610 1019 PROLEGOMENA.

632 1335 710 1396 De
758 1334 1081 1397 Victorini
1127 1334 1270 1396 uita
1318 1332 1381 1396 et
1428 1332 1713 1412 scriptis,

313 1494 371 1546 (1.
403 1493 671 1534 Testimonia
695 1494 891 1533 ueterum
925 1490 977 1532 de
1002 1491 1226 1532 Victorino
1261 1492 1462 1545 episcopo
1495 1491 1820 1532 Petauionensi.
1855 1517 1906 1520 —
1940 1492 1978 1532 2.
2013 1491 2102 1532 Vbi

243 1569 288 1607 et
327 1564 496 1619 quando
531 1565 780 1605 Victorinus
819 1564 990 1604 uixerit.
1030 1589 1083 1596 —
1131 1565 1169 1604 3.
1206 1562 1322 1613 Quos
1360 1563 1497 1604 libros
1536 1563 1760 1616 scripserit
1799 1565 1841 1603 et
1881 1576 1990 1616 quae
2029 1576 2094 1604 re-

241 1637 406 1690 liquiae
439 1650 584 1678 eorum
618 1649 754 1689 usque
786 1634 840 1676 ad
871 1649 949 1676 nos
980 1636 1299 1689 remanserint.)

318 1770 359 1817 1.
413 1767 524 1817 Non
580 1767 742 1815 multa
795 1767 1091 1816 testimonia
1147 1767 1356 1830 antiqua
1411 1767 1470 1816 de
1527 1766 1790 1816 Victorino
1856 1768 2103 1831 episcopo·

241 1853 593 1904 Petauionensi
627 1855 827 1902 exstant
857 1855 1007 1916 atque
1034 1852 1181 1901 facile
1208 1854 1579 1901 enumerantur.
1618 1851 1823 1901 initium
1847 1853 2096 1902 faciamus

243 1940 302 1988 ab
351 1939 677 2002 Hieronymo,
726 1938 809 2001 qui
858 1939 1059 2002 saepius
1117 1938 1175 1987 de
1225 1937 1484 1988 Victorino
1534 1938 1791 1988 disseruit.
1847 1939 1997 2002 atque
2044 1938 2093 1986 in

242 2040 348 2089 cap.
376 2026 440 2073 74
487 2025 603 2073 libri
652 2024 710 2072 de
759 2024 883 2072 uiris
930 2024 1249 2083 inlust1·ibUS‚
1297 2027 1570 2088 postquam
1626 2039 1732 2088 cap.
1760 2026 1824 2074 73
1872 2023 2095 2073 Anatolii

240 2110 560 2160 Alexandrini
593 2108 658 2176 (c,
688 2109 810 2173 280)
839 2109 1145 2159 mentionem
1178 2109 1314 2170 fecit,
1341 2110 1641 2174 priusquam
1676 2110 1737 2159 ad
1769 2109 2098 2173 Pamphilum

240 2196 610 2261 presbyterum,
661 2197 746 2258 qui
801 2211 982 2260 passus
1039 2199 1116 2244 est
1171 2195 1446 2245 Caesareae
1493 2195 1782 2245 Palastinae
1838 2196 1931 2246 sub
1988 2211 2096 2260 per-

243 2283 502 2332 secutione
536 2282 795 2330 Maximini
828 2281 978 2347 (anno
1007 2281 1150 2347 309),
1177 2282 1412 2331 transiret
1443 2279 1574 2349 (cap.
1603 2282 1706 2347 75),
1735 2283 1857 2331 haec
1891 2282 2097 2346 scripsit

241 2368 336 2432 (ed.
362 2368 674 2418 Richardson
715 2384 761 2431 p.
786 2369 851 2417 40
880 2366 998 2431 sq.):
1049 2371 1357 2436 Victorinus)
1391 2372 1780 2421 Petauionensis
1818 2373 2098 2437 episcopuss

242 2475 341 2507 non
381 2474 533 2523 aeque
579 2459 736 2506 latine
780 2462 837 2506 nt
872 2474 1046 2523 yraece
1093 2463 1318 2506 nouerat.
1358 2457 1490 2507 unde
1529 2475 1682 2523 opera
1727 2459 1835 2506 eins
1869 2457 2095 2522 ‘qranclia

243 2544 468 2592 sensibus
513 2544 703 2592 >uiliora
750 2544 994 2592 uidentur
1039 2545 1393 2608 compositione
1431 2544 1714 2592 uerborum.
1770 2547 1888 2592 suffit
1927 2547 2096 2592 antem

241 2629 385 2678 haec:
424 2630 773 2677 commentarii
811 2630 867 2677 in
913 2629 1163 2692 Genesim7
1204 2630 1260 2678 in
1306 2629 1557 2692 Exodum,
1598 2631 1653 2678 in
1694 2629 1997 2692 Lemincum,
2039 2630 2097 2677 in

240 2714 471 2777 Esaiam„
513 2715 568 2762 in
608 2714 852 2777 Ezechiel,
892 2716 948 2763 in
983 2714 1200 2778 Abacuc,
1242 2716 1298 2764 in
1337 2715 1689 2777 Ecclesfflsten,
1730 2717 1785 2763 in
1828 2714 2096 2764 Canticum

246 2799 585 2862 Canticorum,
612 2802 667 2849 in
693 2800 1057 2866 Apoealypsim
1082 2800 1343 2864 Iohannis,
1370 2801 1646 2850 aduersam
1679 2817 1847 2849 omnes
1869 2800 2097 2850 haereses

241 2890 286 2934 et
324 2886 487 2934 inulta
527 2887 649 2935 alia.
690 2886 758 2934 ad
796 2890 1075 2935 extremuni
1113 2888 1364 2952 martyrio
1404 2891 1673 2936 coronatus
1710 2890 1796 2935 est.

312 2967 419 3015 Iam
451 2967 499 3015 in
525 2967 692 3031 priore
720 2968 938 3031 quodam
972 2969 1136 3031 capite
1167 2968 1284 3017 libri
1309 2968 1606 3032 Hieronymi
1633 2968 1881 3018 Victorini
1915 2983 2093 3017 nomen

240 3053 532 3117 legentibus
574 3053 805 3102 occurrit.
838 3054 1104 3102 intercedit
1144 3054 1276 3102 enim
1316 3053 1637 3103 necessitudo
1680 3053 1926 3118 quaedam
1968 3053 2098 3102 inter

241 3138 443 3201 Papiae,
487 3138 710 3202 episcopi
750 3138 1132 3203 Hierapolitani‚
1175 3142 1224 3188 et
1264 3139 1510 3189 Victorini
1547 3139 1705 3189 libros
1745 3138 1826 3205 (cf.
1854 3139 2094 3188 editionis

242 3226 439 3273 nostrae
487 3241 530 3287 p.
559 3226 640 3283 50,
682 3226 747 3273 20
798 3227 846 3273 et
893 3226 1084 3289 p.154‚
1126 3226 1155 3274 8
1197 3226 1247 3274 in
1288 3225 1442 3292 test),
1482 3228 1531 3274 et
1569 3226 1867 3289 praesertim
1906 3225 2094 3289 Papiae

243 3309 521 3358 doctrinam
554 3310 889 3360 cliiliasticam
924 3311 983 3360 de
1017 3311 1155 3360 mille
1189 3326 1428 3360 annorum
1475 3327 1624 3376 regno
1658 3311 1951 3361 Victorinus
1987 3311 2093 3374 ipse

242 3409 441 3457 quoque
481 3395 739 3459 amplexus
774 3398 852 3445 cst
890 3395 975 3462 (cf.
1004 3398 1154 3460 p.14‚
1191 3398 1220 3446 8
1262 3401 1312 3446 et
1349 3414 1397 3461 p.
1421 3398 1539 3457 145,
1571 3399 1633 3447 lo
1673 3398 1722 3446 in
1755 3394 1912 3463 test).
1960 3396 2096 3445 hunc
