2470 3718
761 201 1018 242 Recensio
1051 200 1360 253 Hieronymi
1391 199 1449 239 VI
1481 200 1605 240 3-4.
2036 200 2098 249 73

330 357 433 420 [Et
494 374 617 407 cum
677 360 1017 419 aperuisset
1075 355 1454 419 siynacnlcmn
1517 359 1808 417 quartum,
1879 355 2243 415 aada'uz'effs

260 447 534 506 quartum
585 444 815 493 animal
861 443 1094 492 dicens:
1145 442 1286 491 neni
1333 444 1384 490 et
1429 440 1582 490 uide.
1632 444 1684 491 et
1737 457 1864 489 cccc
1918 456 2099 503 cqmcs

256 528 545 591 pallidus,
578 534 630 578 et
663 531 763 592 qui
792 528 1029 578 sedebat
1061 530 1123 576 in
1154 526 1261 576 illo
1301 543 1508 576 nomen
1540 526 1638 575 ille?
1670 528 1864 588 mors]
1896 527 2097 589 Equus

261 618 430 664 autem
470 615 758 678 pallidus,
800 617 855 664 et
890 615 990 678 qui
1023 613 1274 663 sedebat
1307 627 1484 676 super
1518 627 1647 661 eum
1687 626 1895 660 nomen
1930 611 2098 659 habe-

210 718 228 749 5
261 701 361 749 bat
406 715 578 750 mors.
641 700 764 749 haec
828 699 1001 748 eadem
1057 712 1256 762 quoque
1310 696 1440 745 inter
1494 698 1684 745 ceteras
1741 695 1910 745 clades
1964 710 2099 759 prae-

116 1124 228 1176 410

188 1572 228 1604 15

259 785 466 834 miserat
525 784 783 834 dominus:
845 786 1087 833 uenturas
1141 784 1313 847 pestes
1375 795 1584 846 magnas
1641 782 1691 830 et
1746 780 2101 829 mortalitates

261 885 374 919 cum
404 870 532 918 enim
564 869 722 919 dicat:
756 871 812 919 et
843 869 1117 918 infernus
1154 867 1434 931 sequitur
1464 866 1656 924 illum,
1689 865 1740 914 id
1767 868 1844 914 est
1870 867 2102 928 expectat

260 955 639 1005 deuorationem
695 955 976 1004 animarum
1029 954 1303 1002 multarum
1350 952 1638 1016 impiarum.
1693 951 1774 999 hic
1824 952 1901 1000 est
1942 965 2101 1013 equus

259 1041 498 1105 pallidus.

331 1126 436 1188 [Et
474 1143 598 1176 cum
630 1127 970 1188 aperuisset
1003 1126 1270 1187 quintum
1304 1122 1699 1187 ssitqnaculum,
1732 1120 1861 1170 udde·
1894 1121 2103 1170 subtus

260 1212 456 1261 altare
503 1211 738 1261 animas
784 1210 1283 1272 2772terfectormn.]
1337 1209 1580 1257 Animas
1637 1207 1975 1257 occisorum
2024 1207 2103 1255 ui-

262 1296 424 1346 disse
466 1297 573 1346 sub
616 1312 713 1345 ara
750 1296 800 1344 id
843 1299 920 1345 est
960 1296 1053 1345 sub
1094 1298 1240 1344 terra.
1281 1309 1364 1343 ara
1404 1293 1536 1343 enim
1577 1295 1628 1341 et
1659 1293 1856 1341 caelum
1893 1293 1943 1341 et
1974 1294 2105 1340 terra

261 1382 461 1443 dicitur,
489 1383 623 1432 sicut
654 1383 732 1431 lex
764 1382 834 1431 ait
864 1380 1177 1446 imaginaria,
1208 1379 1441 1429 ueritatis
1474 1378 1657 1428 faciem
1689 1377 1984 1437 meditante,
2020 1376 2105 1439 qui

261 1468 384 1517 duas
427 1483 554 1529 araS,
596 1483 795 1517 auream
834 1467 1140 1517 intrinsecus
1189 1468 1238 1515 et
1283 1480 1482 1515 aeream
1530 1464 1858 1524 extrinseOUS,
1898 1463 2104 1513 fecerat.

261 1568 350 1603 nos
407 1556 576 1603 autem
631 1553 979 1618 intellegimus
1035 1568 1168 1602 aram
1221 1552 1294 1600 ita
1348 1550 1448 1600 dici
1496 1550 1698 1599 domino
1745 1550 1919 1598 nostro
1959 1548 2104 1597 nobis

260 1653 303 1691 et
343 1651 459 1705 quod
496 1663 572 1705 per
609 1651 746 1692 malos
784 1650 1058 1705 praepositos
1098 1649 1277 1690 uerbum
1316 1647 1657 1702 praedicationis
1697 1646 1889 1700 paruulis
1928 1645 2105 1686 minime

260 1723 520 1776 praebeatur
541 1756 694 1765 ......
713 1723 892 1776 Proprie
933 1724 1079 1763 autem
1112 1719 1360 1762 extenditur
1391 1719 1572 1760 uerbum
1603 1731 1740 1771 usque
1766 1717 1819 1758 ad
1843 1716 2105 1757 Antichristi

260 1798 446 1847 tempus,
489 1794 659 1847 quando
699 1793 876 1847 grandis
915 1796 1049 1835 sames
1090 1794 1157 1834 est
1196 1792 1358 1842 futura,
1400 1789 1573 1844 quando
1607 1791 1651 1831 et
1683 1802 1830 1830 omnes
1862 1787 2104 1829 laedentur.

261 1868 426 1906 statera
465 1870 611 1906 autem
649 1866 692 1906 in
731 1879 861 1906 manu
900 1864 1012 1905 libra
1053 1866 1119 1905 est
1159 1863 1384 1911 examinis3
1434 1863 1479 1903 in
1519 1874 1603 1915 qua
1642 1861 1911 1914 singulorum
1950 1858 2105 1900 merita

263 1936 477 1985 ostendet,
517 1937 561 1977 id
589 1939 655 1978 est
678 1936 876 1977 iustitiae
902 1936 1238 1985 simulationem,
1264 1947 1358 1975 cum
1382 1932 1499 1974 foras
1523 1931 1716 1972 ostendit
1742 1931 1857 1984 quod
1881 1931 1997 1971 intus
2021 1943 2105 1970 non

262 2007 414 2057 habet3
450 2008 511 2048 ait
544 2009 678 2049 enim:
712 2008 891 2048 uinum
926 2010 975 2048 et
1008 2007 1179 2048 oleum
1212 2019 1273 2047 ne
1304 2003 1545 2046 laeseris.
1580 2002 1679 2043 dum
1713 2005 1857 2043 autem
1888 2002 1933 2042 in
1964 2000 2106 2042 medio

263 2078 512 2120 animalium
539 2078 717 2119 dicitur:
742 2092 803 2119 ne
828 2078 1072 2130 laeseris,
1096 2075 1343 2118 ostenditur
1358 2076 1449 2115 illic
1474 2074 1589 2115 intra
1614 2073 1959 2114 ecclesiam-esse
1977 2072 2108 2112 simu-

262 2149 468 2190 lationem
514 2150 777 2199 sanctitatis,
819 2163 927 2203 quae
975 2149 1199 2190 ecclesiam
1248 2146 1539 2201 spiritualiter
1583 2144 1734 2194 laedit,
1774 2144 1875 2197 quia
1918 2143 2110 2183 infirmas

263 2223 431 2263 mentes
472 2221 525 2263 ad
564 2235 684 2262 suam
724 2223 886 2263 sectam
925 2220 1144 2275 perducit;
1185 2219 1253 2261 cui
1291 2221 1439 2259 tamen
1478 2216 1604 2258 dicit:
1644 2229 1705 2256 ne
1743 2215 1983 2267 laeseris,
2024 2213 2111 2255 acsi

266 2292 401 2334 dicat:
432 2293 651 2334 hominem
684 2293 957 2347 spiritualem
988 2306 1042 2333 ne
1073 2292 1217 2347 plagis
1247 2290 1511 2344 percusseris
1545 2290 1626 2329 etc.

410 2394 434 2434 6
468 2393 521 2434 cf.
552 2393 711 2434 Matth.
745 2393 814 2442 24,
848 2393 870 2433 7
965 2392 1015 2432 14
1049 2390 1101 2433 cf.
1133 2391 1207 2431 Ex.
1239 2389 1308 2442 30,
1340 2390 1365 2431 3
1399 2390 1441 2429 ct
1472 2388 1543 2438 27,
1575 2388 1600 2428 2

326 2479 345 2518 1
380 2478 437 2519 Et
470 2491 562 2518 cum
582 2511 590 2520 .
611 2491 752 2519 .mors
785 2477 890 2518 add.
920 2476 958 2516 X
1091 2477 1117 2517 2
1148 2474 1338 2530 pallidus
1373 2486 1508 2526 equus
1540 2472 1590 2513 K
1715 2473 1742 2512 4
1775 2473 1919 2512 autem
1954 2484 2034 2513 om.
2069 2469 2112 2510 Φ

267 2551 291 2590 -5
322 2549 582 2603 promiserat
611 2549 759 2603 IKyffi
791 2551 856 2601 (p.
889 2550 1003 2600 300)
1107 2548 1132 2588 6
1165 2548 1350 2587 uentura
1381 2544 1462 2586 JK
1547 2545 1570 2584 7
1605 2557 1699 2585 oum
1735 2543 1846 2584 enim
1880 2542 1999 2583 dicat
2031 2554 2111 2583 om.

266 2619 321 2673 F,
356 2620 471 2675 quod
503 2621 616 2662 enim
648 2620 754 2662 dicit
784 2619 867 2660 IK
949 2618 1114 2660 inferus
1143 2618 1205 2668 H,
1237 2618 1338 2658 item
1370 2616 1462 2658 cod.
1494 2615 1757 2656 Amiatz'nus
1844 2613 2042 2667 sequitur
2064 2610 2111 2662 T,

268 2692 532 2745 sequebatur
559 2692 600 2733 X
623 2705 719 2734 cum
749 2692 874 2745 Vuly.
963 2691 1106 2744 illum]
1143 2702 1238 2730 eum
1268 2687 1400 2730 CBK
1486 2685 1744 2740 expectabat
1767 2684 1913 2740 BIKy
1975 2685 2026 2725 10
2058 2684 2113 2725 Et

270 2776 364 2804 cum
385 2763 766 2805 ..interfectorum
801 2762 910 2803 add.
937 2762 975 2802 X
1109 2760 1303 2814 sigillum
1335 2758 1390 2799 H
1416 2771 1512 2799 cum
1550 2758 1676 2811 Vuly.
1795 2757 1873 2797 sub
1908 2755 2035 2797 altari
2064 2754 2116 2796 H

271 2834 319 2875 11
345 2838 451 2887 post
482 2834 620 2875 altare
653 2833 758 2875 add.
790 2833 861 2874 dei
891 2832 1078 2874 HIKM
1179 2831 1434 2884 occisorum]
1464 2828 1793 2870 interfectorum
1823 2827 1921 2868 FK
2012 2830 2117 2879 post

269 2904 416 2946 interf.
449 2906 706 2956 (occisorum
737 2905 784 2959 D
818 2903 922 2948 add.
955 2903 1064 2945 dicit
1094 2916 1139 2944 se
1169 2901 1253 2943 IK
1359 2905 1463 2954 post
1493 2900 1658 2941 uidisse
1691 2898 1796 2940 add.
1830 2911 1875 2939 se
1906 2899 2054 2939 narrat
2082 2895 2118 2937 S

272 2976 324 3017 12
342 2980 447 3029 post
467 2990 542 3018 ara
564 2978 674 3029 (pr.)
701 2976 806 3017 add.
833 2975 903 3017 dei
926 2974 963 3016 S
1054 2976 1172 3016 terra
1202 2973 1338 3026 (alt.)]
1372 2974 1532 3013 terram
1563 2970 1602 3011 T
1690 2970 1740 3011 13
1765 2969 1921 3010 faciem
1944 2967 2117 3020 scripsi,

270 3046 412 3088 factae
436 3046 493 3097 F,
516 3047 628 3089 facie
653 3051 728 3090 cet.
845 3046 1087 3088 meditante
1117 3043 1265 3095 TFM,
1296 3043 1518 3084 mediante
1548 3041 1632 3082 IK
1658 3045 1699 3083 et
1728 3040 1864 3082 codex
1891 3038 2116 3087 Milzam'i,

272 3117 535 3159 meditantes
566 3117 612 3167 S,
643 3117 929 3159 medietatem
959 3115 1011 3158 H
1015 3131 1030 3167 ,·
1053 3120 1160 3169 post
1189 3114 1430 3156 meditante
1459 3112 1615 3166 supple
1639 3125 1688 3153 eo
1772 3111 1846 3165 qui
1883 3108 2116 3156 TFHMS,

275 3202 382 3243 quae
401 3194 475 3232 cet.
567 3191 620 3230 14
646 3202 797 3230 aureas
819 3188 947 3229 ΤΒΦ
1061 3190 1105 3228 et
1129 3199 1297 3228 aeream
1316 3184 1363 3235 S,
1397 3186 1441 3226 et
1469 3183 1532 3237 H,
1565 3196 1645 3226 om.
1665 3187 1739 3224 cet.
1853 3181 2117 3222 extrinsecus

274 3273 354 3302 om.
387 3259 658 3302 DOBIKM
769 3259 935 3300 fecerat
957 3258 1090 3311 ponit
1113 3261 1218 3310 post
1249 3269 1343 3296 aras
1375 3254 1413 3297 S
1501 3255 1552 3295 15
1585 3267 1701 3294 aram
1734 3251 1833 3301 ΦἙ,
1865 3263 2038 3292 auream
2068 3245 2118 3300 Υ,

276 3345 392 3373 aram
425 3344 596 3373 auream
629 3330 675 3379 S,
708 3343 824 3371 aram
855 3342 1029 3370 auream
1061 3328 1228 3370 coelum
1257 3339 1285 3380 9
1400 3325 1525 3367 nobis
1557 3338 1637 3367 om.
1662 3324 1718 3366 M

2135 1123 2232 1169 &9
