2470 3718
256 143 360 194 162

1097 140 1156 183 11.
1189 141 1385 184 Index

314 301 521 355 bylonem
570 301 801 343 ciuitatem
848 300 963 343 hanc
1006 315 1213 357 magnam
1265 300 1434 344 Christi
1490 301 1732 344 secundum
1775 316 1951 346 carnem
1999 305 2220 348 aduentus

313 377 421 416 sunt
467 374 764 430 expugnaturi
815 375 912 428 130,
955 375 1022 417 15.
1065 375 1213 431 Baby-

311 448 463 490 lonem
494 450 678 503 propter
711 447 993 490 diffusionem
1022 448 1214 504 populo-

314 535 410 563 rum
443 520 553 564 dicit
586 522 684 574 132,
721 521 795 573 10,
832 523 935 575 133,
968 523 1031 564 11.
1060 524 1215 565 contra

313 594 592 650 Babylonem
635 593 746 637 dicit
784 595 888 644 133,
922 595 1002 650 14,
1046 594 1099 638 de
1132 596 1214 638 Ba-

311 668 474 723 bylone
519 669 801 724 apocalypsis
844 668 956 711 dixit
1000 668 1099 718 132,
1145 670 1213 711 12.

255 742 441 785 Balaam
475 742 544 794 36,
580 743 655 795 11,
694 745 771 792 37,
803 744 883 797 16,
917 745 1016 796 (37,
1050 744 1138 797 12).

255 816 395 858 Balac
457 818 549 870 (rex
611 816 930 870 Moabitarum)
996 819 1071 869 37,
1138 818 1212 871 17,

320 891 416 945 (37,
443 891 533 944 12).

256 1036 438 1080 Caesar:
482 1037 766 1080 Domitianus
812 1037 908 1091 118,
952 1039 1002 1090 6,
1038 1039 1135 1093 119,
1175 1041 1214 1081 7.

258 1110 490 1154 Caesares:
511 1111 630 1153 inter
649 1110 857 1154 Caesares
870 1111 1212 1164 (Antichristus)

321 1185 418 1238 102,
453 1186 501 1239 2,
534 1186 642 1237 103,
676 1189 720 1229 2.

261 1258 392 1302 Cain:
427 1262 597 1316 septem
634 1259 860 1302 uindictae
896 1259 948 1302 de
973 1258 1084 1303 Cain
1107 1260 1148 1313 8,
1174 1260 1214 1303 2.

261 1332 522 1376 Cerinthus:
557 1334 626 1387 96,
664 1334 709 1385 1,
753 1335 827 1387 97,
859 1334 896 1375 1.
932 1347 1028 1376 cum
1063 1332 1216 1377 Cerin-

318 1407 398 1448 tho
433 1408 598 1449 sentire
632 1408 736 1459 153,
773 1409 817 1450 2.

262 1479 562 1523 Christianus:
598 1480 842 1540 Christiani
876 1494 1011 1536 opera
1034 1481 1106 1534 40,
1144 1481 1217 1535 10,

321 1553 624 1598 Christianum
676 1554 763 1598 dici
811 1555 883 1610 40,
932 1557 977 1609 9,
1027 1557 1097 1609 41,
1136 1557 1216 1607 10,

322 1627 568 1671 Christiani
617 1629 778 1683 (plur.)
822 1629 1001 1670 nomine
1042 1631 1218 1670 tantum

320 1702 390 1751 32,
425 1702 471 1752 8,
511 1704 587 1755 33,
631 1704 679 1753 8,
715 1701 996 1745 Christianos
1039 1702 1219 1744 nomine

319 1775 630 1817 tantummodo
665 1775 734 1825 40,
768 1775 816 1827 43
856 1776 923 1829 41,
960 1778 1001 1818 4.

263 1848 531 1890 christianus
556 1848 775 1902 (adicem
801 1848 933 1891 homo
952 1849 1219 1891 christianus

321 1922 391 1974 30,
435 1922 505 1972 11;
553 1923 619 1972 31,
660 1923 721 1973 11,
765 1923 980 1978 populum
1013 1923 1218 1966 christia-

320 2010 424 2038 num
461 1997 567 2050 <66,
608 1996 684 2051 4>;
734 1999 809 2045 67,
849 2000 895 2048 4;
939 2011 1101 2040 nomen
1141 2012 1220 2040 no-

322 2083 425 2111 uum
460 2070 751 2112 christianum
785 2072 854 2112 est
886 2071 955 2126 38,
990 2073 1033 2119 5;
1072 2072 1149 2127 39,
1181 2074 1220 2113 6.

265 2143 490 2186 Christus:
523 2144 630 2186 uide
660 2144 787 2187 Iesus
823 2143 1026 2187 Christus
1061 2150 1100 2187 et
1132 2146 1221 2201 spi-

322 2217 435 2259 ritus
467 2220 659 2259 sanctus.

266 2289 469 2333 Christus
514 2294 589 2345 47,
630 2294 674 2334 2.
722 2305 897 2337 carnem
939 2292 1111 2347 accepit
1150 2292 1220 2343 50,

326 2364 401 2415 13,
440 2365 506 2414 51,
539 2367 617 2418 12,
649 2367 701 2407 ut
725 2364 779 2408 ab
805 2366 868 2408 eis
895 2364 1100 2409 Christus
1127 2379 1223 2408 esse

325 2438 577 2494 appelletur
627 2439 724 2494 120,
766 2439 842 2490 20,
892 2441 997 2490 123,
1038 2440 1082 2492 1,
1125 2454 1223 2482 cum

326 2526 507 2568 corpore
539 2513 585 2554 in
621 2512 755 2555 caelis
791 2512 848 2555 ad
872 2515 1044 2568 patrem
1070 2527 1222 2556 ascen·

326 2584 394 2627 dit
415 2586 487 2639 ⁷44,
515 2586 589 2637 12;
619 2586 790 2639 45,14,
812 2584 1015 2629 Christus
1036 2585 1222 2629 dicendo

326 2657 396 2708 58,
434 2658 482 2700 11
500 2678 556 2694 =
574 2658 758 2713 spiritus
774 2660 956 2701 sanctus
982 2658 1221 2701 ostenden-

327 2730 382 2772 do
414 2732 488 2785 59,
521 2732 590 2782 11,
624 2733 756 2773 natus
784 2731 881 2782 112,
910 2732 985 2786 16,
1018 2732 1220 2787 113,19;

328 2818 503 2847 carnem
545 2807 801 2861 sumpturus
840 2806 1057 2860 107,15,
1097 2808 1225 2862 petra

327 2881 397 2921 est
426 2879 522 2933 151,
556 2880 636 2931 17,·
675 2882 943 2934 regnaturus
977 2882 1046 2921 est
1077 2881 1118 2931 6,
1154 2880 1224 2922 14.

328 2951 532 2994 dominus
567 2952 772 2996 Christus
812 2952 858 2995 in
892 2953 1128 3009 euangelio
1160 2953 1226 2996 ait

331 3027 429 3079 112,
469 3027 516 3078 53
558 3026 761 3069 dominus
802 3026 981 3069 sabbati
1020 3024 1224 3070 Christus

330 3100 369 3152 5,
415 3101 488 3155 143
534 3099 737 3143 Christus
780 3100 896 3143 filius
937 3099 1009 3143 dei
1043 3101 1111 3154 60,
1149 3101 1224 3157 14,

335 3175 400 3229 61,
442 3176 529 3228 20,
564 3173 769 3218 Christus
804 3173 877 3217 dei
909 3175 950 3225 6,
986 3175 1060 3228 19,
1096 3173 1222 3218 Chri-

332 3251 425 3290 stus
459 3248 629 3291 domini
660 3249 731 3300 96,
761 3248 836 3304 13,
860 3249 993 3291 homo
1021 3247 1225 3292 Christus

330 3322 403 3371 30,
437 3322 482 3376 1,
519 3323 587 3377 31,
619 3323 662 3374 1,
697 3323 829 3365 homo
862 3321 1067 3366 Christus
1097 3322 1225 3366 Iesus

330 3396 372 3444 4,
407 3394 476 3437 18.

1321 376 1427 428 149,
1468 376 1547 425 13,
1593 374 1814 418 aduentus
1854 377 2020 431 primus
2055 377 2223 421 Christi

1324 450 1435 504 [14],
1474 449 1541 505 7];
1585 448 1804 492 aduentus
1845 451 2059 506 temporis
2093 450 2220 495 Chri-

1323 523 1382 565 sti
1416 524 1485 576 62,
1522 523 1595 574 163
1639 525 1775 578 caput
1800 523 1969 566 Christi
2011 524 2117 567 deus
2153 529 2221 568 est

1322 596 1392 644 20,
1427 596 1474 646 53
1511 597 1580 650 21,
1621 598 1666 648 5,
1703 597 1790 651 [21,
1828 598 1900 652 8],
1928 611 2026 639 caro
2054 597 2222 641 Christi

1324 670 1414 725 [66,
1467 670 1563 725 12];
1614 673 1686 724 67,
1735 672 1810 721 12,
1856 684 2012 726 corpus
2056 670 2223 714 Christi

1323 744 1394 799 66,
1431 745 1505 799 12,
1539 744 1610 797 92,
1645 745 1695 798 7,
1721 746 1795 798 93,
1828 747 1874 800 7,
1903 744 2070 788 Christi
2094 760 2217 788 man-

1324 817 1475 861 datum
1504 818 1573 872 74,
1600 819 1646 872 7,
1679 818 1892 861 mandata
1917 819 1988 873 64,
2015 819 2093 874 20,
2120 833 2222 875 pars

1325 891 1495 935 Christi
1575 893 1695 946 [143,
1756 893 1831 947 7];
1910 894 2219 947 persecutores

1326 964 1494 1008 Christi
1546 965 1642 1019 120,
1695 965 1766 1017 11,
1819 978 2005 1021 regnum
2053 965 2224 1009 Christi

1323 1042 1429 1094 135,
1467 1043 1515 1091 3,
1553 1041 1676 1093 (153,
1714 1042 1780 1095 3),
1815 1040 2021 1082 sacerdos
2057 1039 2225 1083 Christi

1324 1115 1430 1162 147,
1466 1116 1518 1168 2,
1560 1114 1814 1157 sacerdotes
1856 1113 1927 1156 dei
1969 1116 2013 1156 et
2054 1114 2223 1158 Christi

1327 1188 1440 1243 [14],
1489 1188 1552 1242 5],
1594 1187 1786 1230 uictoria
1821 1185 1989 1230 Christi
2031 1187 2100 1241 58,
2146 1187 2219 1240 10,

1330 1263 1404 1315 59,
1439 1262 1511 1303 10.

1269 1332 1447 1377 Christo
1490 1334 1659 1389 palmas
1695 1333 1775 1375 sub
1809 1333 1999 1390 pedibus
2033 1334 2127 1376 eius
2159 1334 2223 1376 ia-

1326 1408 1506 1451 ciebant
1538 1408 1608 1462 58,
1645 1408 1713 1457 17,
1747 1407 1828 1450 sub
1862 1407 2051 1463 pedibus
2081 1409 2223 1451 iacta-

1325 1482 1438 1524 bant
1475 1483 1547 1537 59,
1590 1483 1659 1527 17.

1268 1556 1494 1599 Christum
1527 1556 1613 1598 hoc
1637 1555 1774 1598 semel
1807 1555 2029 1598 facturum
2069 1558 2144 1606 75,
2175 1559 2221 1606 8,

1325 1628 1553 1670 hominem
1593 1627 1759 1670 factum
1796 1627 2024 1671 Christum
2066 1629 2135 1679 50,
2177 1629 2222 1678 7;

1325 1701 1468 1757 patris
1515 1700 1654 1743 filium
1704 1700 1931 1744 Christum
1989 1704 2092 1744 ante
2137 1702 2223 1743 ori-

1328 1775 1477 1831 ginem
1510 1775 1678 1817 saeculi
1712 1775 1917 1830 genitum
1956 1777 2030 1828 97,
2069 1779 2116 1830 5,
2148 1790 2225 1818 na-

1327 1851 1423 1891 tum
1451 1862 1546 1890 esse
1572 1847 1799 1892 Christum
1825 1849 1864 1900 8,
1895 1850 1968 1901 17,
1997 1848 2226 1893 Christum

1330 1936 1487 1978 corpus
1519 1923 1762 1979 sumpsisse
1794 1924 1902 1978 107,
1947 1925 1989 1965 8.

1272 1996 1497 2049 Christum
1540 1997 1651 2054 (ace.
1685 1997 1883 2051 obiecti):
1918 1998 2119 2040 confiteri
2153 1997 2226 2039 do-

1329 2071 1498 2113 minum
1547 2074 1592 2113 et
1633 2071 1860 2114 Christum
1901 2072 1996 2114 eius
2036 2072 2106 2126 96,
2149 2071 2225 2122 13,

1332 2145 1521 2188 eundem
1568 2147 1797 2200 tamquam
1847 2144 2076 2188 Christum
2118 2146 2226 2187 exci-

1329 2233 1433 2274 pere
1469 2219 1565 2269 120,
1602 2219 1676 2274 14,
1709 2219 1804 2270 121,
1827 2220 1905 2269 12,
1933 2217 2157 2262 Christum
2182 2219 2227 2260 in

1331 2306 1462 2349 opere
1488 2307 1576 2334 non
1601 2292 1766 2335 habere
1796 2293 1861 2347 41,
1887 2293 1966 2347 10,
1994 2291 2100 2335 deus
2123 2293 2227 2334 mit-

1329 2371 1424 2410 tere
1451 2365 1675 2410 Christum
1700 2366 1957 2421 <120,11>;
1982 2367 2166 2421 12],10.

1272 2440 1329 2484 ad
1362 2439 1613 2484 Christum:
1649 2442 1909 2482 conuertere
1937 2454 2011 2482 cor
2034 2439 2228 2482 hominis

1331 2514 1388 2557 ad
1413 2514 1640 2558 Christum
1667 2514 1737 2569 82,
1763 2514 1811 2563 2;
1838 2515 1915 2565 83,
1945 2516 1994 2565 2,
2023 2513 2078 2556 ad
2105 2513 2228 2557 Chri-

1331 2591 1448 2631 stum
1474 2588 1753 2643 pertinentes
1781 2588 1902 2644 [143,
1934 2587 1999 2643 5];
2026 2601 2051 2629 a
2075 2579 2228 2643 Moyse

1329 2675 1470 2717 usque
1498 2661 1554 2704 ad
1579 2661 1808 2706 Christum
1835 2660 2061 2703 dominum
2085 2660 2226 2704 filium

1330 2735 1401 2779 dei
1434 2736 1474 2786 4,
1519 2735 1586 2777 15.

1272 2823 1406 2865 supra
1445 2808 1673 2852 Christum
1715 2807 1787 2851 dei
1827 2810 1999 2863 septeni
2044 2807 2228 2863 spiritus

1330 2883 1649 2938 requieuerunt
1682 2882 1722 2937 6,
1759 2882 1827 2925 19.

1274 2970 1372 3000 cum
1421 2955 1622 3000 Christo:
1668 2969 1856 3011 regnare
1907 2970 2003 2998 cum
2049 2954 2228 2999 Christo

1333 3030 1431 3085 140,
1464 3030 1513 3081 2,
1549 3030 1647 3084 144,
1681 3030 1730 3082 5,
1762 3030 1869 3085 147,
1904 3032 1957 3083 3,·
1987 3029 2227 3072 resurrexi—

1330 3104 1413 3146 stis
1462 3117 1558 3146 cum
1606 3102 1784 3147 Christo
1833 3103 1944 3158 [14],
1985 3103 2080 3159 14],
2133 3116 2229 3145 cum

1333 3175 1512 3220 Christo
1548 3177 1722 3219 stantes
1757 3176 1857 3227 140,
1890 3176 1930 3218 6.

1272 3250 1318 3292 in
1352 3249 1529 3294 Christo
1563 3250 1634 3303 54,
1670 3249 1744 3300 183
1786 3251 1860 3301 55,
1886 3250 1966 3300 17,
1993 3249 2159 3291 mortui
2184 3249 2229 3289 in

1333 3322 1512 3367 Christo
1548 3322 1646 3378 142,
1673 3323 1713 3365 5.

1273 3410 1351 3452 pro
1379 3396 1557 3440 Christo
1583 3397 1848 3452 sanguinem
1874 3395 2060 3439 fundere
2082 3399 2156 3450 77,
2188 3398 2229 3439 9.
