2470 3718
834 242 1292 297 Prolegomena
1334 243 1424 283 13.
1934 232 2055 282 XIX

204 408 570 456 haereticorum
608 406 800 455 dictum
838 406 930 467 sit;
998 401 1177 450 deinde
1219 400 1379 451 addit:
1452 405 1683 454 Ceterum
1729 407 1774 455 si
1821 408 2059 458 uolumus

205 493 264 541 de
302 491 619 541 Antichristo
663 492 947 556 intellegyere
992 492 1099 540 siue
1138 491 1197 539 de
1244 491 1457 547 diabolo,
1507 493 1594 557 qui
1639 497 1942 556 operaturus
1986 498 2058 544 est

204 579 260 626 in
298 577 629 641 Antichristo,
670 581 716 626 et
751 578 846 626 iste
884 578 1035 626 calice
1072 593 1175 641 suo,
1217 593 1312 642 quo
1355 577 1548 626 Christi
1578 579 1742 642 cupiet
1774 579 2059 628 subuertere

205 664 549 728 disciplinam,
582 663 854 712 inebriabit
869 664 1142 728 plurimos,
1175 668 1233 712 ut
1255 664 1382 712 ebrii
1405 663 1767 728 inyrediantur
1791 665 2057 728 speluncas

205 750 339 798 eius:
377 750 463 798 sed
492 753 765 815 postquam
791 750 927 812 finis
963 750 1244 808 aduenerit,
1278 766 1377 813 pro
1415 765 1472 798 ea·
1501 750 1685 814 storia,
1727 766 1827 815 qua
1866 767 1915 799 se
1952 768 2059 800 ma-

202 835 557 901 gynificauerat,
608 836 902 900 implebitur
938 836 1222 901 iynominia
1261 829 1426 898 (XXV
1470 831 1606 880 1303
1647 828 1739 897 M).
1809 831 2061 882 eiusmodi

204 917 428 982 uestigia
492 916 740 967 Victorini
810 917 1072 981 complura
1138 917 1368 982 indagari
1428 919 1661 981 possunt.
1729 919 1789 966 ut
1851 918 2060 968 tertium

207 1002 491 1066 exemplum
553 1003 755 1052 addam:
810 1018 918 1066 cap.
959 1004 1005 1064 3,
1046 1005 1078 1051 2
1129 1002 1546 1067 interpretatione
1609 1003 1890 1053 secundum
1940 1004 2063 1070 Sep-

206 1089 461 1154 tuaginta:
505 1095 574 1142 in
614 1094 819 1143 medio
859 1094 1132 1142 duorum
1170 1094 1576 1142 animalium
1614 1097 2063 1160 coqnosceris

208 1179 300 1241 (Ξ
338 1175 406 1224 ἐν
449 1172 635 1242 μέσῳ
683 1175 802 1225 δύο
851 1174 1042 1239 ζῴων
1087 1176 1485 1246 γνωσθήσῃ)
1524 1177 1775 1225 recensita
1816 1179 1866 1226 et
1903 1177 2063 1226 uariis

209 1260 625 1324 explicationibus
659 1262 933 1325 propositis
973 1261 1315 1325 Hieronymus
1355 1262 1482 1310 hanc
1521 1263 1778 1324 postremo
1817 1264 2066 1312 memorat

208 1347 598 1409 expositionem:
625 1350 773 1414 Sunt)
800 1352 888 1416 qui
911 1351 1010 1400 duo
1034 1352 1287 1400 animalia
1313 1352 1412 1401 duo
1436 1352 1732 1418 intelleqant
1750 1356 2063 1414 testamenta,

208 1453 396 1485 nouum
435 1442 481 1486 et
517 1442 675 1501 uetus)
718 1454 844 1503 aeriae
881 1454 997 1486 uere
1034 1439 1326 1486 animantia
1363 1439 1466 1486 sint
1505 1442 1654 1503 atque
1697 1439 1895 1501 uitali«,
1939 1456 2065 1503 quae

210 1524 419 1587 spirent,
485 1527 531 1572 et
593 1525 648 1573 in
713 1541 928 1589 quorum
993 1523 1156 1572 medio
1219 1524 1456 1572 dominus
1518 1528 1842 1590 coynoscatur
1897 1520 2063 1585 (XXV

211 1605 349 1654 1309
384 1606 473 1667 M).
509 1606 693 1670 quibus
727 1621 842 1655 cum
876 1605 1042 1656 uerbis
1077 1606 1117 1654 si
1150 1605 1401 1655 Victorini
1442 1606 1744 1655 sententiam
1776 1623 1825 1670 p.
1853 1607 2065 1655 22—24

211 1690 270 1739 de
304 1690 471 1755 gladio
504 1691 583 1740 bis
625 1694 771 1740 acuto
811 1692 895 1741 uel
926 1708 974 1756 p.
1002 1691 1212 1741 54—56
1254 1691 1314 1741 de
1354 1692 1448 1740 alis
1491 1694 1731 1755 quattuor
1768 1692 2066 1741 animalium

212 1778 601 1841 comparaue1·iS‚
641 1778 854 1827 eundem
894 1778 990 1827 hoc
1027 1778 1139 1827 Ioco
1181 1781 1339 1826 artam
1381 1777 1597 1827 duorum
1642 1779 2067 1828 testamentorum

211 1863 636 1913 necessitudinem
677 1864 1050 1929 significauisse
1089 1863 1224 1913 haud
1262 1863 1577 1913 infitiaberiS.

287 2007 338 2074 7)
382 2008 744 2058 Victorini
785 2009 1339 2058 commentarius
1380 2008 1443 2057 in
1485 2008 1995 2059 Ecclesiasteu.

284 2123 450 2172 Testis
504 2124 654 2173 huius
717 2124 1067 2174 commentarii
1126 2126 1322 2187 praeter
1381 2123 1749 2187 Hieronymum
1812 2125 1891 2172 est
1952 2121 2070 2172 Cas-

213 2208 464 2269 siodoi·uS‚
529 2210 663 2272 apud
716 2226 863 2273 quem
922 2208 1005 2275 (de
1066 2210 1226 2259 instit.
1260 2210 1362 2258 diu.
1398 2209 1496 2258 litt.
1530 2207 1586 2275 5)
1648 2208 1772 2257 haec
1824 2208 2069 2273 legimus:

215 2299 478 2349 Secundus
516 2301 641 2349 liber
679 2300 984 2364 Salomonis,
1027 2301 1114 2365 qui
1151 2300 1447 2364 appellatur
1477 2299 1822 2361 Ecclesiaste-s)
1863 2316 1894 2347 a
1934 2298 2071 2348 beato

214 2386 528 2451 Hieronymo
552 2390 783 2452 potenter
812 2387 1068 2452 eoepositus
1099 2390 1171 2435 est
1195 2425 1205 2434 .
1236 2425 1246 2435 .
1275 2425 1285 2434 .
1320 2386 1379 2434 de
1404 2401 1498 2451 quo
1523 2385 1650 2434 libro
1674 2388 1720 2432 et
1758 2382 2069 2446 Victorinus,

214 2488 272 2520 coe
294 2476 492 2521 oratore
515 2474 789 2538 episcopus,
824 2473 1071 2522 nonnulla
1096 2472 1339 2521 disseruit
1369 2465 1529 2534 (LXX
1566 2467 1701 2515 1116
1729 2471 1777 2515 et
1806 2467 1940 2515 1117
1975 2466 2070 2531 M).

215 2555 348 2616 quod
389 2554 704 2604 Victorinum
747 2562 978 2605 nostrum
1019 2556 1094 2603 ‘ex
1134 2558 1330 2603 oratore
1364 2554 1681 2617 episcopum²
1725 2552 1962 2617 appellat,
2000 2568 2072 2601 er-

215 2639 370 2698 rauit3
412 2641 627 2689 alterum
661 2640 981 2690 Victorinum
1014 2638 1218 2707 (Caium
1258 2639 1476 2688 Marium
1523 2638 1838 2688 Victorinum
1869 2636 2074 2704 Afrum)

217 2725 450 2775 ‘mirante
504 2727 679 2786 Roma,
734 2727 987 2792 gaudente
1042 2726 1276 2775 ecclesia’
1332 2724 1631 2790 (Augustini
1696 2725 1910 2773 confess.
1950 2724 2073 2773 VIII

217 2813 263 2873 2,
310 2809 367 2878 4)
415 2828 471 2861 ex
516 2813 716 2862 rhetore
772 2813 911 2862 urbis
966 2813 1174 2872 Romae,
1231 2812 1274 2860 si
1320 2826 1418 2860 non
1467 2812 1780 2874 episcopum,
1840 2813 1892 2859 at
1939 2812 2073 2860 certe

219 2897 550 2947 christianum
596 2898 789 2947 factum
837 2913 948 2948 esse
996 2898 1204 2948 scimus,
1250 2897 1591 2961 Hieronymus
1632 2898 1821 2956 autem,
1871 2898 1930 2944 ut
1973 2895 2072 2944 iam

216 2998 261 3047 p.
281 2983 354 3031 IX
378 2983 620 3040 uidimus,
647 2983 695 3032 in
723 2984 1142 3033 commentarium
1170 2999 1321 3032 suum
1347 2983 1410 3032 ad
1435 2998 1539 3046 cap.
1560 2983 1607 3042 4,
1630 2983 1694 3031 13
1722 2980 2074 3045 explicandum

218 3067 453 3131 Origenis
480 3071 530 3118 et
553 3069 798 3118 Victorini
823 3070 1285 3134 interpretationem
1318 3068 1667 3132 transcripsit;
1705 3067 1755 3116 in
1782 3082 1881 3131 qua
1909 3066 2073 3131 ipsius

216 3153 467 3203 Victorini
527 3159 746 3204 mentem
810 3155 1076 3219 praecipue
1129 3154 1319 3218 spirare
1378 3157 1557 3217 postea
1617 3152 1921 3203 uidebimus.
1985 3152 2075 3202 sed

221 3238 486 3289 audiamus
520 3240 676 3289 uerba
705 3240 1027 3304 Hieronymi:
1067 3244 1327 3294 Melior
1364 3247 1469 3293 est
1500 3260 1677 3309 puer
1706 3258 1982 3308 pauper
2011 3245 2075 3290 et

222 3330 526 3395 sapiens,
575 3347 775 3395 quam
825 3347 943 3379 rex
997 3347 1200 3380 senex
1252 3333 1312 3379 et
1366 3330 1653 3392 stultus,
1696 3329 1809 3394 qui
1848 3328 2075 3377 nescit

218 3415 594 3480 prouidere
639 3416 708 3463 in
757 3420 1119 3480 posterum
1164 3420 1376 3465 etc.
1416 3414 1658 3482 Oriqenes
1695 3418 1742 3462 et
1780 3413 2075 3462 Victorinus

1901 3520 1954 3561 b*
