2470 3718
166 717 186 750 5

144 1142 186 1174 10

145 1570 188 1604 15

147 1999 190 2033 20

148 2427 190 2462 25

804 198 863 239 de
894 197 1100 239 fabrica
1130 197 1308 238 mundi
1339 197 1463 238 2-6.
2027 200 2057 247 5

216 355 492 425 [hominem
530 350 690 421 finxit]
733 352 982 417 spiritalia
1012 353 1222 402 terrenis
1258 355 1581 417 anteponens
1616 353 1756 417 prius
1791 354 1924 403 enim
1955 353 2056 413 lux,

217 458 366 506 quam
415 441 612 491 eaelum
660 441 710 489 et
755 442 900 489 terra.
955 439 1038 488 hic
1079 438 1185 488 dies
1228 440 1399 489 sextus
1438 454 1714 502 parasceue
1756 439 2056 503 appellatur,

215 525 529 591 praeparatio
586 524 782 574 scilieet
834 524 991 588 regni.
1059 522 1223 572 Adam
1271 523 1507 587 enimque
1570 523 1631 573 ad
1684 524 1958 589 imaginem
2011 526 2059 573 et

217 611 606 662 similitudinem
689 624 835 659 suam
919 609 1313 658 consummauit.
1391 608 1579 658 idcirco
1665 610 1833 658 autem
1916 609 2057 672 prius

219 712 370 762 opera
417 711 508 746 sua
555 694 947 754 consummauit,
1004 708 1156 757 quam
1202 693 1409 759 angelos
1462 695 1654 743 crearet
1709 696 1759 742 et
1804 694 2061 743 hominem

218 782 503 843 fabricauit,
544 797 605 831 ne
644 782 772 830 forte
813 780 1071 841 adiutores
1106 794 1158 828 se
1192 779 1351 829 fuisse
1382 779 1512 830 falsa
1544 778 1764 828 dictione
1798 778 2061 828 adseuera-

218 869 395 934 (re>nt.
451 863 497 931 lf.
541 866 639 930 72Ἴ
699 867 794 915 hoc
849 880 1051 930 quoque
1107 865 1185 915 die
1240 865 1301 914 ob
1363 865 1652 929 passionem
1707 863 1897 913 domini
1944 864 2061 913 Iesu

220 955 411 1005 Christi
451 956 539 1003 aut
579 953 847 1003 stationem
888 951 981 1001 deo
1023 953 1111 1000 aut
1148 951 1397 1001 ieiunium
1437 950 1670 1001 facimus.

291 1041 399 1090 Die
461 1039 723 1104 septimo
771 1037 1084 1102 requieuit
1131 1037 1198 1086 ab
1249 1036 1527 1087 omnibus
1587 1035 1872 1100 operibus
1930 1036 2060 1086 suis

219 1129 276 1176 et
342 1125 655 1175 benedixit
724 1139 854 1173 eum
917 1125 974 1172 et
1036 1122 1481 1172 sanctificauit.
1545 1122 1638 1171 hac
1693 1121 1770 1170 die
1836 1122 2061 1171 solemus

217 1226 570 1277 superponere,
618 1209 822 1270 idcirco,
871 1211 930 1258 ut
976 1209 1055 1258 die
1097 1208 1347 1259 dominico
1391 1223 1506 1257 cum
1546 1207 1823 1273 gratiarum
1866 1207 2060 1266 actione

218 1299 279 1347 ad
311 1313 488 1362 panem
524 1311 775 1346 exeamus
820 1297 870 1345 et
899 1310 1172 1359 parasceue
1206 1293 1550 1358 superpositio
1583 1293 1686 1354 fiat,
1727 1293 1914 1356 nequid
1947 1308 2063 1343 curn

216 1384 420 1435 Iudaeis
483 1382 751 1432 sabbatum
808 1381 1077 1432 obseruare
1130 1380 1411 1441 uideamur,
1477 1379 1611 1443 quod
1663 1379 1772 1443 ipse
1828 1379 2062 1429 dominus

217 1470 417 1520 sabbati
450 1467 682 1519 Christus
715 1482 803 1532 per
834 1467 1107 1532 prophetas
1142 1481 1262 1517 suos
1297 1466 1466 1516 odisse
1499 1465 1717 1515 animam
1752 1480 1895 1514 suam
1923 1464 2062 1525 dicit,

219 1555 354 1620 quod
394 1555 663 1604 sabbatum
704 1568 910 1617 corpore
953 1568 1044 1602 suo
1085 1552 1315 1602 resoluit.
1356 1552 1497 1616 prius
1547 1553 1733 1611 autem,
1791 1565 1907 1599 cum
1953 1550 2064 1614 ipse

218 1640 387 1706 Moysi
431 1640 758 1704 praeciperet,
817 1653 877 1687 ne
926 1638 1248 1688 circumcisio
1297 1637 1431 1687 diem
1480 1639 1712 1686 octauam
1751 1635 2063 1700 praeteriret,

220 1742 346 1791 quae
372 1726 450 1776 die
477 1726 686 1775 sabbato
715 1725 1011 1788 plerumque
1036 1724 1264 1784 incurrit,
1291 1723 1426 1773 sicut
1449 1724 1499 1772 in
1526 1722 1790 1788 euangelio
1818 1721 2065 1786 scriptum

218 1812 455 1877 legimUS,
495 1810 699 1875 Moyses
740 1809 1074 1874 prospiciens
1098 1808 1338 1858 duritiam
1378 1808 1556 1873 populi
1587 1807 1727 1857 illius
1760 1807 1947 1857 idcirco
1983 1807 2063 1857 die

219 1896 419 1947 sab-‘bati
454 1896 650 1946 leuauit
690 1910 869 1944 manus
909 1898 960 1944 et
999 1910 1051 1944 se
1090 1894 1260 1959 ipsum
1303 1893 1551 1944 crucifixit
1590 1893 1639 1942 in
1680 1893 1887 1957 proelio,
1929 1892 2064 1955 quod

220 1984 279 2032 ab
321 1982 591 2047 allophylis
632 1982 842 2032 sabbato
897 1981 1114 2046 <factum
1156 1981 1275 2045 est),
1315 1983 1373 2030 ut
1423 1982 1719 2045 caperentur
1773 1981 1823 2028 et
1878 1975 2060 2046 [uelut]

220 2069 490 2119 seueritate
527 2068 658 2133 legis
698 2067 759 2117 ad
800 2066 1130 2116 deuitandum
1171 2066 1493 2130 disciplinam
1533 2065 1882 2115 formarentur.

292 2155 357 2203 Et
385 2153 499 2204 ideo
532 2153 701 2203 Dauid
731 2153 781 2202 in
814 2152 1010 2217 psalmo
1045 2151 1131 2202 VI.
1158 2167 1248 2216 pro
1283 2150 1362 2201 die
1397 2153 1578 2201 octauo
1613 2150 1873 2200 dominum
1899 2152 2061 2214 rogat,

220 2255 280 2289 ne
320 2240 369 2289 in
421 2239 495 2289 ira
538 2254 700 2303 neque
746 2238 796 2287 in
844 2239 1010 2288 furore
1058 2252 1149 2288 suo
1198 2240 1378 2302 arguat
1426 2253 1541 2286 eum
1582 2238 1669 2286 aut
1716 2235 1924 2286 iudicet.
1980 2234 2062 2284 hic

220 2328 298 2375 est
344 2325 476 2375 enim
521 2340 697 2375 reuera
741 2323 902 2374 futuri
946 2323 1089 2374 illius
1135 2322 1315 2373 iudicii
1361 2322 1468 2372 dies
1518 2324 1748 2382 octauuS,
1798 2320 1885 2385 qui
1926 2322 2062 2370 extra

222 2411 445 2460 ordinem
486 2409 795 2474 septimanae
837 2408 1187 2474 dispositionis
1230 2423 1529 2459 excessurus
1569 2409 1662 2457 est.

363 2523 388 2564 3
421 2522 474 2564 cf.
507 2521 614 2563 Gen.
649 2524 686 2575 1,
717 2522 772 2564 26
877 2522 903 2563 9
936 2520 1042 2562 Gen.
1073 2522 1113 2573 2,
1145 2521 1186 2564 2.
1218 2521 1243 2562 3
1349 2521 1401 2561 13
1435 2519 1486 2561 cf.
1518 2519 1677 2560 Matth.
1713 2519 1778 2571 12,
1811 2518 1835 2558 8
1929 2518 1980 2558 14
2014 2517 2065 2558 cf.

219 2593 336 2636 Esai.
373 2596 409 2640 1,
447 2595 508 2634 13.
542 2595 596 2635 14
658 2595 710 2635 16
743 2592 796 2634 cf.
828 2593 934 2634 Leu.
963 2593 1028 2641 12,
1055 2593 1080 2633 3
1144 2593 1195 2633 17
1223 2592 1274 2632 cf.
1300 2591 1394 2632 Ioh.
1419 2592 1458 2644 7,
1482 2591 1537 2631 22
1601 2590 1652 2631 18
1679 2589 1729 2630 cf.
1757 2588 1917 2630 Matth.
1946 2589 2011 2637 19,
2039 2589 2063 2629 8

223 2666 274 2706 19
298 2664 350 2706 cf.
375 2666 448 2706 Ex.
474 2665 540 2715 17,
565 2666 605 2708 9.
632 2666 698 2717 12,
723 2665 775 2706 cf.
803 2663 893 2706 Col.
919 2665 958 2712 2,
989 2665 1040 2705 14
1065 2666 1109 2705 et
1133 2663 1394 2710 Tertulliani
1419 2662 1517 2703 adu.
1541 2661 1674 2703 Marc.
1705 2659 1772 2701 ΙΙΙ
1807 2660 1858 2701 18
1892 2662 1935 2700 et
1966 2658 2065 2702 adu.

220 2737 451 2790 Psychicos
476 2750 510 2779 c.
531 2737 583 2778 10
642 2737 697 2777 22
724 2735 776 2778 cf.
794 2736 865 2777 Ps.
884 2737 924 2781 6,
946 2737 982 2778 1.
1001 2736 1040 2785 2,
1066 2735 1186 2776 cuius
1212 2734 1367 2788 psalmi
1390 2734 1546 2774 titulus
1574 2735 1659 2774 est:
1687 2732 1785 2786 ὑπὲρ
1810 2736 1886 2786 τῆς
1912 2729 2066 2785 ὀγδόης

283 2838 301 2877 1
335 2837 475 2878 uerba
504 2836 723 2877 hominem
753 2835 876 2876 finxit
908 2833 1093 2876 delenda
1124 2846 1210 2875 esse
1240 2831 1450 2874 uidentur
1551 2832 1576 2872 2
1608 2834 1724 2872 terra
1752 2843 1804 2883 ic,
1834 2831 1994 2870 terram
2027 2825 2066 2867 L

221 2909 247 2950 3
280 2909 482 2962 enimque
509 2908 666 2960 scripsi
694 2907 765 2962 (=
789 2910 1009 2960 namque),
1041 2906 1154 2946 enim
1187 2918 1312 2958 quem
1337 2904 1378 2945 L
1468 2905 1492 2945 5
1525 2903 1690 2944 creauit
1719 2916 1741 2943 r
1829 2901 1854 2942 6
1886 2899 2066 2941 adseue-

220 2982 368 3021 rarent
396 2992 446 3028 w,
480 2978 740 3020 adseuerant
769 2977 811 3018 L
930 2978 982 3018 15
1015 2977 1245 3018 sabbatum
1275 2990 1326 3027 w,
1358 2975 1539 3017 sabbato
1571 2974 1613 3015 L
1731 2973 1781 3014 17
1813 2972 2067 3026 plerumque

220 3051 334 3092 idem
364 3050 482 3103 quod
511 3063 638 3104 saepe
701 3050 752 3092 19
775 3049 944 3090 leuauit
974 3062 1126 3089 manus
1156 3048 1325 3101 scripsi,
1356 3047 1536 3088 leuabat
1565 3058 1718 3087 manus
1743 3043 1854 3085 coni.
1880 3055 1915 3094 r,
1946 3041 2066 3094 lege-

221 3123 373 3163 bamus
403 3121 445 3161 L
560 3121 621 3172 in]
657 3122 701 3161 et
732 3120 791 3172 (in
823 3134 856 3164 s.
891 3122 936 3162 et
965 3121 1056 3171 m2)
1081 3118 1122 3159 L
1240 3117 1374 3171 quod]
1410 3130 1519 3170 quae
1550 3116 1591 3156 L
1736 3114 1791 3155 20
1823 3111 1994 3154 allofilis
2026 3109 2066 3149 L

221 3193 384 3234 fact-um
417 3196 483 3233 est
514 3192 673 3233 addidi-
816 3192 941 3233 uelut
977 3191 1136 3233 seclusi
1170 3194 1324 3243 utpote
1361 3193 1504 3230 ortum
1542 3200 1594 3229 ex
1628 3187 1777 3240 ylossa
1819 3183 1880 3225 ad
1911 3185 1954 3223 et
1986 3179 2066 3221 ad-

220 3264 412 3316 scripta:
444 3263 515 3304 uel
545 3265 619 3304 ‘ut'
738 3264 788 3304 21
824 3263 1059 3304 seueritate
1089 3276 1126 3314 r,
1158 3262 1393 3302 seueritate
1425 3259 1466 3300 L
1583 3255 1866 3299 deuitandum
1896 3251 2066 3305 scripsi,

223 3334 468 3376 deuetando
503 3335 533 3386 (i
564 3348 597 3376 s.
630 3348 652 3376 e
686 3335 763 3378 alt.
794 3336 887 3386 2222)
919 3333 961 3374 L
1048 3335 1104 3375 22
1137 3323 1220 3374 diff>
1253 3331 1294 3372 L
