2470 3718
363 143 465 193 120
801 138 988 182 Editio
1022 139 1302 183 Victorini
1334 140 1446 183 XIII
1480 144 1525 183 et
1557 141 1685 183 XVII
1717 142 1844 184 2—3.

359 301 484 355 suis,
527 299 634 370 [fol.
680 299 781 371 18‘]
826 302 953 353 haec
994 307 1206 354 ‘cornua
1248 303 1310 354 Χ)
1353 303 1482 354 dicit
1523 306 1574 354 et
1615 304 1678 354 ‘X
1712 304 2042 356 zadematas’.
2076 309 2127 357 et
2161 307 2260 357 Da-

356 389 494 440 nihel
545 388 793 440 ostendit:
842 390 972 440 tria
1021 390 1558 441 eradicabuntur
1607 391 1680 442 de
1736 392 2104 457 prioribuS,
2161 394 2259 446 hoc

356 480 452 539 est,
493 480 597 528 tres
642 478 799 529 duces
840 477 1114 544 primarios
1156 479 1217 530 ab
1259 478 1582 531 Antichristo
1624 479 1864 532 interfici.
1907 484 2105 533 ceteros
2149 498 2261 548 sep-

354 569 459 615 tem
509 565 626 616 dare
674 565 753 616 illi
794 566 1033 633 ‘gloriam
1084 569 1135 618 et
1183 567 1437 618 honorem
1488 569 1541 618 et
1580 567 1773 619 solium
1815 571 1866 618 et
1903 571 2259 634 potestatem‘,

166 657 320 711 17,16
356 653 415 704 de
466 653 656 718 quibus
706 654 802 705 ait:
846 654 911 704 hi
961 655 1192 706 odient
1239 655 1664 706 meretricem
1714 686 1783 693 —-
1825 657 2006 708 urbem
2057 657 2258 709 scilicet
2315 675 2335 708 5

356 740 482 791 dicit
520 771 607 804 —-,
652 745 714 792 et
755 758 986 793 carnes
1029 743 1174 795 eius
1218 744 1700 795 comburentur
1737 744 1893 812 igni.

132 818 261 887 313,
295 834 320 876 3
429 829 631 881 Unum
683 833 857 881 autem
901 830 972 881 de
1015 832 1367 897 capitibus
1416 832 1715 884 occisum
1765 833 1826 883 in
1875 835 2153 884 mortem
2195 839 2256 885 et

353 917 551 985 plaga
599 920 839 971 mortis
891 920 1035 970 eius
1088 923 1322 971 curata
1371 923 1496 972 est:
1545 920 1806 972 Neronem
1856 921 1999 974 dicit.
2051 923 2258 973 constat

353 1005 507 1067 enim,
557 1021 675 1057 cum
724 1006 944 1058 eundem
994 1008 1362 1074 insequeretur
1410 1009 1679 1075 equitatus
1726 1009 1924 1060 missus
1975 1025 2004 1060 a
2053 1012 2256 1072 senatu,

349 1093 524 1158 ipsum
560 1094 659 1145 sibi
688 1095 862 1161 gulam
892 1096 1198 1148 succidisse.
1232 1097 1369 1147 hunc
1398 1112 1516 1165 ergo
1546 1097 1674 1148 deus
1705 1097 2020 1148 suscitatum
2048 1097 2255 1148 mitte-re
2289 1114 2332 1148 10

350 1197 526 1248 regem
553 1182 769 1249 dignum
804 1183 992 1250 dignis,
1019 1184 1195 1236 Iudeis
1232 1187 1283 1235 et
1315 1185 1739 1251 persecutoribus
1769 1184 1981 1247 Christi,
2007 1185 2087 1251 <et
2112 1185 2257 1237 Chri—

350 1271 518 1336 stum>
535 1271 710 1334 talem,
732 1272 937 1337 qualem
965 1276 1267 1323 meruerunt
1294 1276 1655 1339 persecutores
1683 1277 1735 1324 et
1751 1273 1912 1324 Iudei.
1932 1277 1985 1325 et
2011 1275 2255 1340 quoniam

349 1358 508 1408 alium
548 1375 734 1410 nomen
776 1359 1052 1412 afferturus
1096 1363 1193 1423 est,
1237 1361 1390 1411 aliam
1432 1362 1589 1412 etiam
1631 1362 1797 1412 uitam
1837 1362 2118 1413 institurus
2155 1366 2254 1425 est,

349 1450 408 1496 ut
440 1447 514 1497 sic
548 1447 765 1498 eundem
800 1451 1068 1514 tamquam
1106 1449 1377 1500 Christum
1412 1450 1683 1516 excipiant.
1719 1450 1792 1500 ait
1833 1450 1969 1501 enim
2004 1450 2251 1502 Danihel:

350 1533 765 1587 desiderium
805 1537 1165 1587 mulierum
1206 1554 1326 1589 non
1370 1541 1747 1604 cognoscet
1780 1568 1850 1574 -—
1885 1554 2004 1589 cum
2040 1539 2109 1589 sit
2141 1539 2253 1606 ipse
2287 1556 2329 1589 15

349 1622 724 1687 spurcissimus
775 1654 841 1659 —
893 1627 956 1674 et
995 1625 1253 1675 nullum
1296 1625 1486 1676 deum
1528 1628 1792 1692 patrum
1835 1641 2107 1677 suorum
2158 1643 2250 1678 co-

350 1725 469 1775 gno
488 1726 509 1761 s
526 1726 551 1761 c
569 1713 643 1761 et.
670 1727 767 1762 non
790 1712 924 1762 enim
946 1713 1139 1777 poterit
1157 1713 1404 1764 seducere
1423 1713 1678 1779 populum
1698 1713 1762 1764 ad
1779 1713 2251 1778 circumcisionem,

346 1798 445 1848 nisi
476 1798 610 1865 legis
646 1800 713 1850 sit
744 1800 1021 1852 uindictor.
1058 1801 1279 1867 denique
1314 1804 1533 1854 sanctos,
1559 1817 1660 1853 non
1696 1801 1759 1852 ad
1792 1801 1935 1852 aliud
1969 1803 2252 1869 compellet

346 1885 444 1935 nisi
486 1886 548 1936 ad
591 1887 1042 1939 circumcisionem
1086 1889 1457 1954 accipiendam,
1495 1889 1536 1940 si
1581 1905 1711 1955 quos
1752 1890 1946 1954 poterit
1987 1889 2249 1942 seducere.

344 1972 418 2023 ita
460 1973 667 2024 demum
709 1975 862 2026 fidem
903 1975 1060 2026 faciet
1100 1976 1218 2039 sibi,
1260 1979 1320 2027 ut
1360 1977 1421 2027 ab
1465 1977 1539 2027 eis
1584 1977 1826 2030 Christus
1868 1993 1981 2028 esse
2024 1978 2249 2044 appelle-
2278 1997 2323 2030 20

496 2146 515 2186 1
555 2145 606 2187 cf.
640 2145 776 2201 Apoc.
816 2148 882 2201 13,
920 2148 939 2188 1
1064 2149 1088 2188 2
1123 2148 1239 2189 Dan.
1275 2149 1313 2198 7,
1348 2149 1374 2190 8
1407 2148 1665 2206 (ἐξεριζώθη
1705 2149 2009 2203 Tlieodotion)
2129 2151 2158 2192 4
2191 2150 2247 2193 cf.

345 2217 481 2272 Apoc.
519 2219 584 2268 17,
622 2218 674 2260 13
773 2221 798 2261 9
833 2221 889 2273 cf.
925 2219 1109 2263 Sueton.
1143 2220 1266 2263 Nero
1300 2234 1335 2263 c.
1373 2223 1457 2264 49.-
1488 2221 1668 2276 iamque
1703 2222 1878 2277 equites
1913 2222 2243 2278 appropinqua—

346 2290 678 2346 bant...quod
712 2294 763 2334 ut
795 2293 949 2346 sensit,
972 2293 1194 2336 ..ferrum
1228 2293 1384 2348 iugulo
1419 2293 1575 2349 adegit
1752 2295 1805 2336 15
1838 2294 1954 2337 Dan.
1989 2295 2057 2349 11,
2092 2296 2146 2338 37
2183 2295 2245 2351 (ἐν

348 2361 550 2420 ἐπιθυμίᾳ
581 2367 778 2419 γυναικὸς
813 2365 859 2406 οῗ)
894 2366 953 2423 μὴ
987 2367 1215 2423 προνοηθῇ
1250 2366 1385 2418 LXX)

405 2465 425 2506 1
464 2464 717 2508 zadcmatas
742 2465 801 2520 A,
836 2468 892 2521 cf.
924 2466 1128 2523 Georyes,
1160 2467 1469 2522 Wortformen
1493 2482 1542 2522 p.
1568 2470 1683 2511 212:
1719 2467 1940 2524 diadema,
1976 2483 2027 2512 ae
2060 2475 2100 2512 et
2133 2484 2245 2513 ana-

345 2538 509 2593 loyz'am
547 2540 780 2581 nominum
821 2540 1005 2582 zabulus
1045 2541 1211 2594 (zabuli
1234 2556 1285 2596 p.
1320 2544 1426 2596 132,
1461 2544 1521 2595 8),
1556 2555 1746 2584 zaconus
1774 2555 1860 2596 pro
1893 2541 2114 2594 diabolus,
2149 2545 2243 2586 clia-

345 2625 479 2654 conus
632 2615 656 2655 5
697 2614 743 2656 hi
784 2613 939 2655 odient
976 2614 1257 2658 meretricem
1298 2615 1472 2669 scripsi,
1513 2615 1646 2657 hodie
1692 2619 1835 2659 meret
1883 2617 2160 2659 meretricem
2199 2618 2244 2659 A

403 2684 491 2727 dici
523 2687 566 2728 A
717 2688 741 2729 9
775 2688 936 2729 missus
968 2688 1143 2742 scripsi,
1177 2701 1283 2730 suus
1315 2689 1359 2730 A
1518 2691 1721 2731 senatum
1755 2690 1798 2730 A
1902 2690 1955 2732 10
1989 2690 2116 2746 deus]
2145 2691 2242 2734 scil.

344 2759 506 2801 dicitur
616 2761 665 2802 11
703 2763 747 2803 et
781 2760 1006 2804 Christum
1040 2775 1124 2804 om.
1158 2762 1202 2803 A
1307 2763 1364 2806 13
1398 2752 1533 2805 alium
1564 2764 1608 2805 A
1641 2768 1770 2817 recte,
1802 2764 1907 2805 item
1938 2764 1986 2805 D
2113 2764 2242 2807 affer-

340 2836 465 2874 turus
498 2834 660 2888 scripsi
692 2848 789 2877 omn
828 2835 1010 2886 TFHS,
1045 2836 1262 2878 allaturus
1294 2837 1339 2878 A
1462 2837 1514 2878 16
1550 2836 1680 2879 deum
1711 2837 1886 2892 scripsi,
1922 2836 2022 2881 (111111
2055 2840 2128 2892 (Ξ
2163 2838 2240 2882 (10-

342 2906 526 2960 minum)
558 2909 600 2948 A
696 2909 748 2950 18
781 2907 1005 2951 uindictor
1036 2910 1079 2950 A
1112 2914 1238 2964 recte,
1273 2911 1376 2952 item
1413 2910 1454 2952 T
