2470 3718
345 153 409 202 68
956 147 1143 189 Editio
1177 147 1457 189 Victorini
1490 147 1553 188 VI
1587 149 1626 189 1.

135 313 175 366 6,
212 310 499 361 1-211abet
555 309 887 375 praedicatio.
944 325 1061 359 nam
1119 310 1296 374 aperto
1353 308 1521 374 primo
1581 308 1756 375 sigillo
1815 325 1932 360 cum
1990 309 2130 361 dicat
2186 328 2238 362 se

339 397 539 449 uidisse
582 414 773 463 equum
815 397 989 447 album
1033 400 1083 448 et
1124 397 1354 462 equitem
1397 401 1699 447 coronatum
1743 397 2018 448 habentem
2062 414 2237 449 arcum

341 517 410 521 —
452 487 548 537 hoc
599 486 734 536 enim
783 486 833 536 in
881 485 1047 551 primo
1087 486 1284 535 factum
1330 487 1411 535 est
1449 514 1537 547 —-‚
1579 486 1858 551 postquam
1908 487 2142 537 ascendit
2187 488 2238 537 in

343 575 501 625 caelis
560 574 800 625 dominus
858 577 1051 635 noster,
1109 573 1313 639 aperuit
1366 573 1613 624 uniuersa
1668 575 1720 623 et
1774 573 1949 624 emisit
1997 575 2238 640 spiritum

342 665 598 722 sanctum,
651 662 801 713 cuius
842 662 1003 712 uerba
1042 678 1132 728 per
1171 662 1556 727 praedicatores
1597 664 1867 727 tamquam
1910 663 2135 730 sagittae
2178 665 2239 714 ad
2291 680 2310 712 5

344 766 430 802 cor
475 750 743 801 hominnm
791 751 1067 817 pergerent
1114 751 1165 800 et
1212 749 1484 799 uincerent
1531 749 1969 800 incredulitatem.
2020 766 2241 801 corona

344 842 519 889 autem
560 841 641 889 est
680 837 1127 903 praedicatoribus
1171 852 1327 902 super
1368 840 1526 903 caput
1565 837 1824 903 promissa
1865 853 1954 903 per
1996 838 2240 904 spiritum

343 930 595 978 sanctum.
653 926 812 976 ceteri
867 928 971 975 tres
1025 927 1167 991 eqni:
1210 926 1420 985 famem,
1462 925 1650 992 (bella)
1693 928 1743 976 et
1790 926 2146 990 pestilentiam
2187 927 2237 976 in

343 1014 614 1081 euangelio
665 1013 908 1064 dominus
960 1014 1239 1064 ostendens
1286 1013 1585 1078 praedicata
1632 1014 1911 1065 manifeste
1954 1015 2236 1081 significat3

208 1110 248 1160 ὕ,
285 1107 302 1147 1
340 1103 562 1168 ideoque
590 1103 682 1153 ait:
707 1118 890 1152 unum
926 1102 993 1152 de
1030 1101 1421 1163 animalibus,
1451 1102 1573 1167 quia
1599 1102 1770 1152 omnia
1805 1106 2051 1167 quattuor
2075 1120 2239 1154 unum
2274 1118 2314 1149 111

342 1194 477 1242 sunt.
517 1191 657 1241 ueni
699 1193 874 1240 autem
917 1193 975 1240 et
1014 1190 1176 1241 uide:
1217 1190 1372 1240 ‘ueni'
1415 1190 1606 1241 dicitur
1644 1190 1869 1242 inuitato
1906 1192 1967 1241 ad
2000 1191 2156 1242 fidem
2191 1195 2239 1242 et

342 1279 497 1330 ‘uide’
539 1278 731 1329 dicitur
771 1278 817 1328 ei
853 1278 940 1343 qui
980 1293 1078 1329 11011
1120 1278 1351 1328 uidebat.
1396 1294 1518 1345 ergo
1563 1294 1756 1344 equus
1801 1280 1977 1330 albus
2020 1280 2238 1331 uerbum

340 1367 740 1434 praedicationis
785 1382 901 1417 cum
947 1366 1135 1431 spiritu
1177 1369 1356 1417 sancto
1399 1366 1449 1416 in
1492 1367 1668 1418 orbem
1701 1368 1946 1427 missum:
1991 1369 2063 1420 ait
2105 1369 2240 1419 enim

343 1455 606 1507 dominus:
665 1455 1140 1520 praedicabitur
1194 1455 1306 1506 hoc
1366 1455 1762 1523 euangelium
1812 1456 1871 1506 in
1920 1460 2053 1508 toto
2099 1459 2239 1508 orbe

342 1549 642 1594 terrarum
692 1544 749 1593 in
800 1543 1231 1594 testimonium
1283 1544 1567 1595 omnibus
1618 1545 1915 1610 gentibus
1968 1544 2079 1614 [fol.
2135 1544 2237 1615 111]
2275 1561 2314 1594 15

343 1636 399 1681 et
442 1637 583 1682 tunc
626 1631 837 1682 ueniet
872 1631 1037 1681 finis.

492 1805 509 1844 1
548 1817 576 1844 α
608 1804 758 1845 uerbis
791 1807 944 1858 aperto
978 1804 1118 1858 primo
1155 1804 1303 1858 sigillo
1337 1818 1477 1858 easque
1518 1806 1580 1847 ad
1619 1806 1805 1847 uerbum
1845 1807 1996 1861 magni
2020 1820 2069 1860 2).
2110 1810 2175 1860 71,
2216 1811 2241 1849 7

341 1878 398 1931 cf.
432 1877 629 1919 Beatum
652 1891 702 1931 p.
737 1879 834 1919 293
925 1878 950 1919 8
985 1877 1038 1919 cf.
1072 1879 1209 1933 Apoc.
1245 1878 1285 1929 6,
1321 1878 1360 1919 5.
1394 1879 1435 1920 4.
1469 1879 1494 1919 8
1592 1880 1645 1920 14
1677 1879 1836 1922 Mattb.
1873 1881 1944 1934 24,
1980 1881 2033 1922 14

404 1980 421 2020 1
461 1981 612 2033 aperte
646 1979 772 2031 signo
807 1979 853 2020 id
888 1985 955 2021 est
989 1979 1138 2034 sigillo
1173 1981 1217 2021 A
1309 1982 1333 2022 8
1367 1980 1487 2022 bella
1521 1994 1603 2023 om.
1639 1982 1704 2034 A,·
1736 1982 1868 2036 infra
1903 1986 1970 2036 (ρ.
2010 1986 2085 2036 70,
2123 1987 2156 2024 1.
2196 1986 2238 2037 6)

330 2055 485 2108 fames
516 2058 555 2096 et
590 2053 707 2096 bella
738 2059 1050 2096 memorcmtm·
1141 2056 1166 2096 9
1199 2055 1437 2097 manifeste
1469 2056 1644 2110 scripsi,
1679 2056 1919 2098 manifesta
1953 2058 1995 2098 A
