2470 3718
303 124 406 175 172

299 279 504 336 adaperit
534 282 605 332 46,
640 281 685 337 5,
724 302 778 318 =
813 284 958 339 aperit
993 287 1068 335 47,
1107 287 1136 327 6

295 352 549 409 adapertio:
592 354 933 411 adapertionem
966 358 1093 413 regni
1126 372 1250 401 sanc·

353 429 502 469 torum
530 428 628 483 134,
662 429 708 481 33
746 449 801 465 -—-
836 430 1114 485 apertionem
1148 446 1183 475 r.
1218 446 1252 474 S.
1302 448 1516 490 aequare:
1572 436 1652 479 has
1700 439 1953 493 prouincias
1996 476 2033 485 ..

360 501 460 554 135,
495 502 526 543 3

302 573 446 618 adhuc
478 576 549 630 86,
584 576 659 630 16,
696 579 774 630 87,
806 578 865 619 16

299 648 496 692 adicere:
532 650 698 693 adiecit
724 651 823 705 102,
858 652 912 706 73
939 653 1044 706 103,
1076 655 1115 696 7.
1155 653 1251 708 118,

359 723 435 776 15,
467 725 565 778 119,
596 725 657 766 16

293 798 624 841 adiectiuorum
656 803 696 841 et
719 800 1047 854 pronominum
1078 805 1247 844 neutra

343 884 433 926 pro
457 871 764 915 substantiatis
787 879 1039 928 usurpata.-
1066 877 1111 928 a)
1128 888 1251 917 num.

349 946 462 1002 siny.
484 945 529 1001 α)
548 945 783 990 accedente
795 947 1030 1002 yenetiuo:
1044 962 1252 991 arcanum

356 1019 555 1061 malitiae
607 1019 705 1070 102,
752 1019 802 1074 8,
850 1021 955 1075 103,
1006 1024 1046 1064 7.
1097 1021 1251 1064 debito

351 1093 507 1135 mortis
533 1093 602 1144 64,
632 1093 708 1148 15,
745 1095 842 1144 110,
870 1096 917 1148 5,
955 1097 1246 1150 65,14,111,

361 1169 401 1208 6.
445 1179 496 1209 ex
537 1165 689 1209 debito
729 1167 886 1210 mortis
930 1169 1027 1224 106,
1061 1171 1110 1223 6,
1142 1171 1250 1222 107,

357 1241 426 1284 10.
454 1242 558 1283 ante
582 1240 698 1283 illud
723 1243 939 1298 temporis
964 1243 1036 1294 34,
1065 1244 1132 1287 10.
1158 1258 1250 1287 me-

353 1315 474 1356 dium
498 1315 636 1357 horae
671 1315 758 1369 [81,
782 1316 842 1372 6].
877 1316 931 1357 ad
958 1318 1251 1360 nouissimum

350 1388 566 1444 temporis
591 1387 661 1438 86,
688 1390 728 1430 4.
759 1413 810 1419 —
842 1388 886 1443 β)
909 1389 1005 1432 sine
1018 1391 1251 1446 qenetiuo:

351 1464 543 1517 utroque
584 1452 738 1505 diuino
781 1463 900 1518 quod
933 1465 1140 1519 promisit
1178 1466 1247 1516 98,

352 1536 420 1578 16.
448 1536 493 1577 in
519 1536 719 1590 procliuo
759 1538 834 1590 49,
867 1538 939 1579 10.
967 1561 1020 1567 ——
1047 1537 1091 1592 b)
1124 1552 1247 1582 num.

342 1610 468 1664 plur.
496 1610 540 1663 α)
567 1610 804 1653 accedente
824 1611 1052 1666 yenetiuo:
1088 1625 1250 1654 arcana

350 1683 700 1738 praedicationis
733 1684 804 1737 32,
841 1684 916 1738 10,
958 1685 1034 1735 33,
1073 1687 1145 1728 10.
1178 1698 1247 1728 se-

350 1759 471 1798 creta
499 1756 644 1799 cordis
663 1757 734 1811 54,
754 1757 803 1811 7,
837 1759 964 1812 55,7.
990 1784 1045 1789 -
1075 1759 1119 1813 β)
1151 1759 1248 1801 sine

344 1831 576 1886 yenetiuo:
601 1830 656 1872 ad
682 1831 844 1873 altiora
860 1831 1080 1874 festinans
1105 1834 1249 1885 51,19

287 1904 551 1959 adimplere:
600 1917 699 1946 cum
741 1904 1035 1961 adimplesset
1074 1906 1145 1959 58,
1193 1908 1244 1961 4,

347 1980 423 2028 59,
462 1981 490 2020 4

288 2050 487 2094 adiutor:
534 2050 761 2094 adiutores
796 2054 836 2106 5,
865 2053 890 2095 6

285 2125 542 2168 admonere:
585 2125 820 2168 admonuit
855 2127 951 2178 100,
990 2128 1035 2183 1,
1067 2129 1165 2180 101,
1200 2132 1245 2171 2.

346 2199 588 2242 admonens
624 2200 835 2243 ecclesias
870 2215 972 2243 suas
1004 2203 1101 2258 131,
1133 2204 1158 2244 1

285 2273 470 2328 adoptio
509 2273 556 2315 in
597 2273 738 2315 filium
780 2273 853 2316 dei
893 2275 963 2329 38,
1007 2278 1054 2329 5,
1097 2277 1175 2332 39,
1217 2278 1247 2318 5

286 2346 493 2390 adorare:
539 2349 591 2388 ut
635 2360 765 2389 nemo
815 2347 974 2390 adoret
1021 2349 1075 2392 ad
1124 2363 1243 2393 aram

343 2423 542 2464 sanctam
569 2421 640 2471 96,
674 2421 751 2476 12,
785 2435 914 2482 nemo
942 2423 1100 2466 adorat
1124 2438 1245 2466 aram

343 2498 545 2538 sanctam
583 2496 657 2545 97,
688 2495 748 2537 12

285 2568 567 2611 aduersarius
622 2570 688 2622 (z
718 2572 954 2623 satanam:
1017 2571 1245 2626 nequitias

348 2642 594 2685 aduersarii
628 2643 698 2693 38,
737 2643 811 2696 10,
853 2644 930 2698 39,
962 2644 1014 2686 ΙΙ

284 2715 500 2758 aduersus
533 2736 588 2751 Ξ
621 2716 733 2757 κατὰ
767 2730 866 2759 cum
893 2718 1124 2773 yenatiuo:
1167 2719 1244 2761 ad-

342 2803 498 2832 uersus
538 2790 641 2831 illos
682 2790 751 2841 34,
793 2790 843 2844 23
887 2792 964 2843 35,
998 2793 1040 2833 3.
1091 2796 1246 2848 surget

346 2877 458 2919 gens
485 2861 698 2905 aduersus
719 2867 899 2917 gentem
920 2864 989 2915 70,
1018 2866 1063 2919 7,
1091 2869 1245 2909 contra

343 2940 524 2993 gentem
563 2938 629 2990 71,
669 2940 716 2987 63
761 2958 816 2973 z
849 2934 981 2987 ἔθνος
1016 2936 1080 2979 ἐπ’
1114 2936 1244 2989 ἔθνος

347 3010 456 3053 Duc.
491 3011 561 3065 21,
593 3011 655 3052 10

285 3084 504 3126 adunare:
532 3083 729 3126 adunato
757 3097 940 3139 corpore
966 3098 1062 3127 cum
1082 3086 1243 3141 spiritu

342 3158 512 3213 gloriae
549 3157 616 3211 18,
652 3157 726 3211 18,
769 3159 840 3211 19,
876 3160 954 3201 20.
989 3161 1243 3202 sanctorum

343 3230 588 3274 adunatam
622 3231 801 3274 turbam
833 3233 938 3286 149,
978 3236 1006 3274 4

286 3304 440 3348 aedes:
494 3305 541 3346 in
591 3304 700 3347 aede
749 3305 820 3347 dei
869 3306 938 3357 28,
990 3307 1063 3358 13,
1107 3326 1162 3342 --
1195 3305 1241 3348 ἐν

345 3373 446 3433 οἴκῳ
479 3378 587 3419 θεοῦ
621 3379 653 3420 Ι
686 3378 788 3420 Tim
820 3380 864 3435 3,
896 3381 953 3421 15

1138 126 1218 169 III.
1267 127 1466 170 Index

1303 285 1562 330 aedificare:
1597 289 1788 344 populus
1817 325 1826 333 .
1847 324 1856 333 .
1884 291 1963 334 illa
1994 305 2103 335 uoce
2137 293 2259 337 aedi-

1361 361 1521 403 ficatus
1555 364 1653 404 erat
1683 363 1754 414 44,
1793 365 1870 419 17,
1906 366 1979 419 45,
2015 369 2081 410 20

2078 443 2258 496 aequari

1361 512 1405 551 et
1437 509 1642 552 mundari
1677 510 1774 562 148,
1821 513 1872 554 17

1301 586 1605 626 aeramentum
1640 584 1738 639 150,
1773 586 1841 628 10.
1874 601 1953 642 pro
1995 593 2256 633 aeramento

1362 656 1459 711 152,
1493 658 1568 708 24;
1604 677 1659 693 =
1692 671 1771 712 pro
1807 672 1906 702 aere
1938 659 2073 703 Esai.
2103 664 2259 716 60,17

1363 729 1540 786 (Vulq.)

1300 815 1475 846 aereus:
1500 817 1576 846 ara
1600 818 1730 847 aerea
1749 806 1818 856 74,
1849 806 1925 859 10,
1956 808 2031 861 75,
2055 810 2095 852 9.
2130 822 2252 851 aram

1358 877 1578 932 (aeream)
1614 878 1683 927 72,
1720 878 1796 932 10,
1835 879 1907 932 73,
1940 880 1999 921 14

1301 950 1516 1003 agnulus:
1552 951 1734 993 comula
1767 952 1922 1006 agnuli
1957 954 1998 1007 7,
2036 953 2085 995 17

1301 1022 1500 1066 albatus:
1528 1023 1780 1067 albatorum
1802 1059 1811 1068 .
1830 1058 1840 1067 .
1859 1026 2102 1070 multitudo
2131 1030 2199 1083 21,
2227 1030 2258 1071 8

1301 1096 1573 1152 aliquotiens
1604 1099 1711 1153 105,
1757 1102 1796 1141 4.
1832 1101 1875 1141 5.
1914 1102 1962 1154 6,
2020 1101 2257 1157 aliquoties

1361 1170 1457 1221 104,
1498 1172 1539 1214 4.
1574 1172 1614 1214 5.
1648 1171 1674 1213 6

1300 1242 1435 1285 alius:
1469 1244 1547 1287 alii
1579 1245 1649 1300 36,
1684 1246 1730 1299 9,
1765 1265 1819 1281 =
1854 1249 1960 1288 sunt
1994 1246 2070 1302 qui
2105 1281 2142 1289 ..
2177 1248 2256 1300 37,

1356 1317 1430 1360 10.
1466 1318 1578 1360 alios
1604 1318 1673 1369 38,
1708 1318 1760 1372 2,
1794 1319 1870 1373 39,
1896 1321 1940 1362 2.
1976 1319 2099 1362 aliud
2123 1334 2254 1375 quam

1359 1391 1479 1446 quod
1505 1394 1684 1447 opoitet
1718 1424 1756 1434 ..
1792 1394 1979 1447 agentes
2004 1393 2075 1444 40,
2103 1395 2150 1447 3,
2189 1396 2256 1445 41,

1355 1466 1398 1509 3.
1454 1479 1541 1507 non
1598 1465 1654 1508 ad
1709 1465 1830 1508 aliud
1881 1467 2120 1522 compellet
2166 1468 2254 1510 nisi

1357 1537 1414 1580 ad
1447 1570 1457 1581 .
1477 1572 1486 1581 .
1523 1539 1619 1593 120,
1655 1539 1709 1582 18

1297 1612 1432 1655 alter:
1479 1627 1592 1655 unus
1642 1613 1831 1656 alterum
1879 1628 1969 1656 non
2016 1613 2256 1670 requisiuit

1359 1687 1459 1740 154,
1509 1687 1577 1730 15.
1627 1688 1817 1731 alterum
1864 1692 2043 1732 tantum
2090 1689 2161 1742 98,
2207 1689 2256 1741 6,

1359 1763 1433 1812 99,
1473 1765 1502 1805 6

1296 1836 1513 1878 alternus:
1550 1836 1723 1878 alterna
1755 1837 1853 1878 uice
1886 1837 1926 1891 3,
1964 1837 2016 1880 15

1295 1909 1561 1951 alterutrum
1602 1908 1933 1952 aduerbialiter
1972 1929 2027 1945 Ξ
2061 1908 2254 1951 inuicem

1352 1984 1428 2026 uel
1457 1985 1633 2025 mutuo:
1668 1984 1755 2038 111,
1791 1985 1845 2035 2,·
1885 1985 1942 2038 cf.
1977 1982 2143 2026 Archiv
2175 1983 2257 2029 fu'r

1355 2057 1437 2099 lat.
1470 2056 1706 2112 Leaeikoyr.
1749 2057 1850 2099 VII
1877 2058 1975 2099 373
2004 2070 2096 2111 sqq.

1296 2144 1436 2172 amor:
1481 2144 1675 2172 amorem
1701 2150 1755 2166 z
1782 2131 1860 2186 τὴν
1895 2128 2065 2186 ἀγάέεην
2100 2131 2170 2183 34,
2203 2130 2253 2184 3,

1355 2205 1431 2257 35,
1473 2204 1523 2256 3,
1581 2207 1656 2256 (=
1691 2205 1926 2246 caritatem
1958 2203 2099 2258 Apoc.
2142 2206 2185 2257 2,
2225 2207 2253 2246 4

1361 2277 1526 2332 Vuly.).
1561 2278 1724 2320 amoris
1759 2290 1893 2332 opera
1925 2277 1994 2327 34,
2030 2278 2077 2332 5,
2111 2277 2186 2328 35,
2222 2279 2250 2318 5

1295 2351 1507 2407 amplius:
1570 2351 1685 2394 nihil
1749 2351 1937 2406 amplius
2000 2385 2009 2393 .
2055 2385 2064 2393 .
2119 2365 2248 2406 quam

1356 2426 1455 2479 148,
1489 2426 1515 2467 6

1295 2512 1351 2541 an
1384 2503 1458 2554 (=
1492 2498 1584 2552 ob):
1618 2499 1688 2548 42,
1724 2499 1772 2551 9,
1810 2501 1885 2553 43,
1922 2500 1961 2540 9.
2003 2499 2069 2552 61,
2103 2498 2152 2539 11

1294 2585 1406 2614 anne
1441 2574 1515 2626 (z
1549 2572 1619 2625 ob)
1656 2572 1725 2626 60,
1759 2572 1784 2614 8

1295 2645 1600 2688 anacoluthia
1643 2646 1684 2698 1)
1719 2659 1930 2688 casuum:
1968 2646 2135 2701 piscem
2171 2646 2248 2700 qui

1353 2720 1519 2775 primus
1561 2719 1815 2762 ascenderit
1848 2721 2002 2775 aperto
2038 2732 2112 2760 ore
2155 2720 2250 2761 eius

1350 2794 1554 2836 inuenies
1588 2795 1803 2835 staterem
1828 2794 1897 2844 24,
1931 2793 1972 2835 3.
2004 2793 2056 2846 4,
2090 2794 2165 2846 25,
2204 2795 2245 2834 4.

1351 2868 1395 2909 5.
1435 2866 1652 2909 haeretici
1693 2869 1841 2908 autem
1881 2866 1957 2920 qui
1988 2866 2248 2908 testimonio

1352 2940 1616 2995 prophetico
1647 2953 1734 2982 non
1761 2942 1963 2994 utuntur,
1998 2939 2162 2981 adsunt
2185 2939 2249 2981 eis

1352 3014 1564 3056 animalia
1597 3014 1666 3068 54,
1708 3015 1776 3056 21.
1820 3015 1902 3067 22,
1944 3014 2020 3067 55,
2063 3015 2142 3067 20,
2177 3014 2247 3055 21.

1350 3088 1477 3131 Iudei
1519 3091 1667 3130 autem
1711 3088 1785 3142 qui
1825 3101 1914 3130 non
1949 3088 2174 3142 accipiunt
2207 3120 2245 3129 ..

1350 3161 1516 3204 adsunt
1556 3162 1618 3203 eis
1661 3161 1758 3203 alae
1792 3161 1864 3214 54,
1913 3161 1968 3203 23
2002 3165 2043 3202 et
2083 3160 2152 3210 56,
2190 3160 2246 3214 ,1,

1350 3236 1426 3289 55,
1439 3237 1503 3277 22
1514 3236 1642 3287 et57,
1659 3235 1763 3276 1.—
1776 3234 1820 3287 2)
1838 3233 2099 3277 modorum:
2123 3233 2244 3288 prius

1350 3321 1483 3363 opera
1515 3321 1596 3350 sua
1628 3307 1966 3360 consummauit,
2007 3320 2136 3361 quam
2171 3319 2244 3347 an-

1349 3381 1474 3438 gelos
1501 3383 1671 3425 crearet
1696 3383 1741 3423 et
1765 3381 1989 3423 hominem
2007 3379 2249 3422 fabricauit
