2470 3718
346 158 521 210 LVIII
938 173 1660 227 ProlegomenaIIIB2.

758 348 852 390 cap.
889 336 933 376 et
965 348 1079 378 uers.
1174 335 1440 390 paginarum
1474 334 1580 377 edit.
1612 338 1792 378 nostrae

785 408 1066 464 apocalypsis
1338 409 1422 451 col.
1456 408 1609 451 dextra

772 512 814 566 4,
849 510 979 554 7—8.
1017 512 1068 555 10
1102 527 1112 555 z
1174 513 1247 563 49,
1285 513 1477 565 16—203
1529 513 1597 567 51,
1633 513 1745 555 1-3

774 585 814 635 5,
849 585 875 626 2
1104 602 1113 628 :
1177 586 1247 634 61,
1285 585 1458 628 10—14

776 658 817 708 5,
852 660 877 701 5
1102 676 1110 702 z
1175 659 1245 714 63,
1282 660 1395 702 5-6

746 731 813 785 13’
851 733 900 775 11
1102 746 1111 775 ³
1179 733 1274 784 127’
1313 733 1485 776 11—12
1521 722 1535 823 l
1561 764 1764 806 columna
1790 758 1972 806 sinistra
2005 764 2075 819 (cf.
2097 768 2250 809 notam

1098 822 1107 848 ε
1176 806 1486 857 129‚1-2-4
1629 823 1671 864 in
1709 823 2060 879 app.crit.127,
2097 824 2168 879 11)

745 881 812 932 13,
850 881 901 923 13
1100 899 1109 922 2
1178 882 1273 931 129,
1309 882 1425 924 s—9
1520 832 1534 933 l

417 1010 472 1081 2)
515 1013 767 1066 Venimus
807 1015 871 1065 ad
913 1015 1012 1066 alia
1062 1015 1416 1067 additamenta
1454 1016 1613 1068 huius
1661 1017 1980 1069 recensionis
2029 1020 2249 1085 propria,

344 1115 472 1165 quae
514 1117 613 1152 non
653 1103 717 1153 ad
762 1105 965 1155 textum
1014 1104 1363 1172 apocalypsiS,
1414 1105 1504 1156 sed
1546 1105 1609 1155 ad
1655 1105 1824 1171 ipsam
1876 1106 2251 1171 expositionem

340 1188 615 1254 pertinent.
656 1191 759 1242 huc
800 1195 1020 1257 spectat,
1056 1192 1194 1259 quod
1233 1209 1280 1258 p.
1309 1194 1394 1254 89,
1439 1193 1503 1243 15
1545 1194 1597 1244 in
1631 1194 1745 1245 loco
1785 1194 2251 1260 interpretationis,

343 1293 498 1344 quam
539 1278 838 1331 Victorinus
879 1281 1133 1332 exhibuit:
1177 1286 1307 1336 liber
1360 1290 1572 1353 opertus
1610 1288 1941 1355 apocalypsis
1978 1293 2052 1339 est
2093 1306 2251 1357 quam

341 1372 538 1438 aceepit
575 1370 837 1423 Iohannes
876 1369 976 1419 alia
1014 1369 1248 1435 ponitur:
1321 1375 1451 1425 liber
1495 1379 1709 1441 apertus
1749 1377 1997 1426 reuelatio
2038 1394 2251 1445 operum

340 1460 397 1508 in
422 1459 622 1525 futuro
660 1461 873 1526 tradicio,
926 1458 1119 1524 quibus
1161 1458 1335 1509 uerbis
1379 1462 1560 1510 auctor
1598 1467 1893 1524 postremae
1932 1462 2250 1513 recensionis

341 1542 589 1594 Victorini
659 1546 939 1610 genuinam
1013 1545 1407 1611 explicationem
1478 1548 1553 1598 ita
1623 1547 1874 1610 adiunxit,
1957 1553 2017 1599 ut
2093 1550 2249 1615 parti-

342 1632 514 1681 culam
555 1637 637 1687 πεῖ
675 1633 1042 1699 interponeret.
1097 1634 1241 1685 aliud
1275 1634 1694 1686 additamentum
1734 1637 1946 1688 maioris
1989 1638 2146 1702 spatii
2187 1639 2250 1690 ad

341 1718 733 1784 explicationem
792 1737 899 1787 cap.
933 1723 1014 1783 13,
1054 1723 1118 1773 18
1155 1721 1246 1791 (z
1272 1739 1321 1788 p.
1354 1722 1480 1793 124)
1534 1724 1774 1789 pertinet.
1836 1724 1888 1776 in
1931 1726 2249 1791 expositione

341 1809 474 1857 enim
503 1810 704 1859 numeri
730 1816 838 1865 666
862 1814 968 1862 tres
994 1811 1323 1863 recensiones
1357 1813 1493 1862 inter
1520 1828 1575 1864 se
1602 1813 1861 1865 differunt.
1897 1814 2247 1882 Hieronymus

338 1895 450 1960 ipse
490 1898 728 1948 noluerat
767 1899 904 1950 hunc
942 1915 1218 1951 numerum
1259 1901 1514 1965 explicare
1556 1906 1711 1967 atque
1754 1902 2011 1954 Victorini
2050 1907 2247 1954 textum

340 1987 554 2035 secutus
587 1987 896 2038 uaticinium
938 1987 1158 2040 Neronis
1194 1989 1496 2040 resuscitati
1527 1990 1834 2055 protulerat,
1877 1992 2029 2043 cuins
2063 2009 2248 2044 nomen

341 2072 402 2122 ad
459 2074 688 2125 litteram
748 2092 986 2143 graecam
1043 2093 1317 2128 numerum
1378 2079 1482 2128 666
1541 2079 1864 2144 expleturum
1925 2096 2039 2131 esse
2096 2080 2246 2138 dixit:

339 2165 460 2225 post
498 2163 807 2230 Hieronymi
848 2168 1075 2216 aetatem
1123 2166 1174 2216 in
1222 2169 1389 2217 testes
1431 2167 1678 2218 editionis
1729 2168 1841 2220 eius
1890 2169 2101 2220 nomina
2139 2174 2250 2224 An-

342 2258 498 2305 tem-os
540 2254 590 2302 et
636 2256 948 2308 Gensem‘lcos
987 2255 1303 2319 irrepserant
1342 2257 1560 2320 (p.123,
1600 2258 1776 2319 7—9).
1826 2257 1907 2308 his
1948 2258 2246 2309 nominibus

342 2340 530 2403 spretis
555 2344 738 2392 auctor
761 2343 1081 2394 recensionis
1111 2346 1158 2394 Φ
1187 2360 1374 2395 nomen
1404 2349 1591 2400 Teitan
1619 2345 1866 2408 exhibuit,
1896 2347 2035 2412 quod
2060 2363 2244 2398 nomen

338 2427 647 2479 Antichristi
683 2429 923 2481 irenaeus
967 2431 1084 2482 adu.
1127 2433 1263 2483 haer.
1291 2432 1334 2482 V
1368 2434 1454 2495 30,
1490 2434 1521 2483 3
1557 2437 1607 2483 et
1640 2433 1958 2500 Hippolytus
2000 2434 2061 2485 de
2102 2435 2247 2485 Anti·

341 2515 534 2567 christo
571 2533 612 2568 o.
642 2519 710 2569 50
743 2518 795 2570 in
828 2519 1056 2571 medium
1088 2522 1431 2586 protulerant,
1467 2521 1787 2588 addiditque,
1811 2522 1865 2573 id
1894 2523 2031 2589 quod
2059 2528 2247 2579 Teitan

341 2620 521 2672 graece
576 2610 741 2666 sonet,
806 2607 851 2658 si
916 2608 1047 2659 uelis
1110 2609 1512 2674 interpretatum
1578 2610 1764 2673 dicere,
1827 2611 1988 2662 latine
2050 2615 2247 2667 Dicluoe

340 2694 554 2756 (Dialem
601 2717 672 2739 -τ
719 2699 1022 2751 DCLXVI
1065 2698 1287 2749 mutatis
1334 2697 1547 2764 litteris)
1597 2715 1778 2750 sonare
1827 2714 1992 2765 eoque
2040 2701 2245 2751 nomine

339 2782 726 2835 Antichristum
774 2785 1020 2851 vintellegi
1065 2802 1157 2851 per
1205 2786 1526 2852 antiphrasin
1577 2803 1894 2852 expressum.
1950 2792 2244 2853 postremae

342 2872 515 2921 autem
566 2872 883 2924 recensionis
926 2876 1121 2936 auctor,
1171 2874 1226 2924 id
1269 2874 1406 2939 quod
1454 2874 1662 2940 saepius
1709 2876 1850 2937 fecit,
1899 2875 2132 2940 priorum
2173 2891 2244 2925 re-

340 2958 642 3010 censionum
668 2960 1040 3025 explicationes
1074 2962 1346 3026 copulauit
1378 2965 1533 3028 atque
1558 2965 1787 3028 primum
1813 2963 2024 3015 nomina
2057 2968 2247 3019 Teitan

342 3048 394 3097 et
447 3050 644 3103 Diclux
697 3047 768 3115 (p.
815 3049 959 3114 125),
1017 3049 1202 3100 deinde
1258 3051 1468 3101 nomina
1521 3056 1769 3106 Antemos
1824 3055 1875 3102 et
1935 3055 2247 3107 Genserilcos

340 3136 408 3200 (p.
436 3136 537 3186 125
582 3139 633 3187 et
676 3137 802 3203 127)
842 3138 1099 3204 praebuit.
1147 3138 1286 3189 idem
1331 3139 1558 3205 quinque
1599 3141 1885 3205 particulas
1927 3141 2244 3192 additamen-

339 3225 513 3273 torum
575 3225 809 3286 retinuit,
877 3226 1070 3293 quibus
1134 3229 1307 3278 textus
1375 3230 1426 3278 et
1488 3229 1741 3293 expositio
1806 3244 1917 3294 cap.
1961 3230 2029 3279 20
2092 3232 2248 3280 aucta

341 3313 438 3374 est,
494 3312 585 3363 sed
640 3313 873 3364 ordinem
929 3315 1181 3366 mutauit:
1241 3318 1289 3366 Φ
1345 3319 1519 3368 seruat
1573 3316 1805 3368 ordinem
1866 3317 2243 3382 particularum

341 3415 368 3448 a
403 3405 469 3460 -ί-
504 3399 535 3450 b
571 3405 637 3461 -l-
673 3417 699 3452 c
736 3408 799 3463 -†—
837 3402 868 3452 d
904 3408 969 3464 4-
1006 3419 1048 3465 e,
1092 3419 1148 3454 ex
1184 3404 1371 3469 quibus
1404 3404 1691 3468 particulae
1726 3421 1754 3455 a
1781 3411 1847 3467 —l—
1874 3405 1905 3455 b
1940 3404 2003 3455 ad
2028 3406 2245 3468 textum,
