2470 3718
609 570 1167 664 SIGLORVM
1230 575 1943 675 CONSPECTVS.

317 944 360 987 L
408 966 461 980 =
496 946 589 989 cod.
638 947 941 993 bibliothecae
989 951 1322 998 Lambethanae
1367 955 1666 1002 Londinensis
1713 962 1802 1005 414
1855 964 2221 1012 membranaceus

496 1019 541 1060 in
575 1019 622 1063 80
654 1035 768 1064 saec.
800 1023 977 1067 X—XI.

318 1104 339 1132 e
405 1111 459 1127 Ξ
495 1091 633 1135 editio
666 1096 872 1152 princeps
907 1111 1020 1153 quae
1054 1101 1200 1142 exstat
1223 1101 1269 1143 in
1296 1102 1571 1158 Scriptorum
1598 1107 2001 1153 ecclesiasticorum
2031 1112 2220 1159 historia

495 1165 694 1209 literaria
735 1172 888 1212 autore
931 1170 1173 1216 Guilielmo
1217 1173 1334 1218 Cave
1368 1176 1580 1231 (Londini
1610 1179 2025 1240 MDCLXXXVIII)
2058 1201 2099 1242 p.
2137 1189 2218 1233 103

495 1241 539 1280 et
574 1239 670 1285 104.

309 1324 339 1366 9
402 1332 456 1346 -ε
490 1312 629 1355 editio
662 1315 866 1359 Andreae
901 1317 1131 1362 Gallandii
1163 1321 1209 1363 in
1242 1321 1531 1367 Bibliotheca
1562 1328 1765 1371 ueterum
1796 1331 1974 1385 patrum
2014 1337 2121 1378 tom.
2155 1335 2219 1378 IV

493 1386 713 1439 <Venetiis
745 1389 1122 1448 MDCCLXVIII)
1154 1395 1230 1438 fol.
1263 1397 1454 1440 49-51,

312 1471 351 1499 w
402 1478 456 1494 z
490 1458 690 1503 Waikeri
723 1465 1016 1507 correctiones
1050 1466 1168 1522 apud
1201 1467 1504 1516 Gallandium.

311 1543 336 1571 r
400 1552 454 1567 z
489 1532 627 1575 editio
668 1534 852 1578 Martini
892 1537 1073 1595 Iosephi
1113 1540 1265 1584 Routh
1305 1543 1350 1585 in
1390 1544 1697 1601 Reliquiarum
1737 1563 1958 1594 sacrarum
2005 1554 2090 1598 uol.
2131 1555 2213 1609 ΙΙΙ,

490 1605 557 1648 ed.
593 1607 734 1650 altera
760 1609 939 1664 (Oxonii
965 1612 1330 1671 MDCCCXLVI)
1357 1632 1399 1674 p.
1424 1619 1683 1673 454—461;
1717 1623 1883 1667 ibidem
1909 1639 1950 1681 p.
1977 1626 2211 1673 464—483

491 1681 806 1724 annotationes
847 1683 892 1725 in
927 1684 1146 1729 Victorini
1187 1688 1501 1745 fragmentum.
1537 1719 1591 1724 —
1624 1693 1808 1739 Martini
1846 1698 2028 1755 Iosephi
2060 1701 2212 1746 Routh

490 1751 629 1795 editio
662 1756 783 1810 prior
813 1760 1009 1812 repetita
1043 1762 1111 1803 est
1134 1761 1178 1803 in
1203 1762 1492 1820 Patrologiae
1519 1780 1669 1811 cursus
1697 1771 1908 1826 completi
1933 1774 2045 1817 serie
2069 1777 2213 1832 prima

488 1830 722 1870 accurante
755 1828 788 1871 I.
822 1830 872 1875 P.
907 1831 1074 1888 Migne,
1108 1837 1217 1880 tom.
1251 1836 1290 1879 V
1321 1838 1522 1892 (Parisiis
1560 1841 1690 1895 1844>
1725 1858 1768 1900 p.
1801 1845 2051 1892 301—316.
