2470 3718
321 188 442 238 XlV
936 200 1631 256 Prolcgomenal‘Z—S.

318 386 426 419 esse
482 385 582 418 non
630 369 820 435 potuit,
861 369 909 419 is
950 385 1085 419 nunc
1128 368 1422 419 *Mediolani
1460 374 1581 436 post
1634 372 1952 422 euersionem
2000 376 2230 440 patriae,

323 457 560 507 dicamus
607 456 977 523 proditionem,
1033 458 1352 524 inequitauit
1408 453 1559 518 (XVI
1608 455 1712 505 943
1762 455 1853 519 M).
1917 460 2038 519 post
2097 461 2229 509 hunc

321 541 558 591 Mmcum
628 541 995 605 intrusumque
1058 540 1322 591 Iulianum
1386 541 1660 592 Valentem
1733 544 1929 595 nullius
1982 545 2229 613 deinceps

321 630 715 680 Petauionensis
765 629 1016 680 antistitis
1072 645 1255 680 nomen
1314 629 1364 679 in
1422 632 1776 687 monumentis
1824 633 2092 685 ueteribus
2151 650 2230 685 oc-

318 718 498 779 currit,
552 733 866 783 quamquam
927 717 1115 768 ciuitas
1168 718 1283 784 ipsa
1341 720 1550 770 saeculo
1610 720 1809 784 quinte,
1859 737 1959 786 quo
2015 722 2228 774 Priscus

319 807 496 857 rhetor
534 806 725 869 floruit,
777 809 1043 872 superstes
1086 810 1212 866 erat,
1256 807 1344 871 qui
1387 822 1500 857 eam
1540 812 1698 859 uocat
1736 809 1915 859 Norici
1957 811 2226 862 ciuitatem

314 893 659 964 (Fragmenti
699 895 882 946 histor.
928 894 1130 950 Graec..
1167 895 1245 945 ed.
1282 895 1520 957 Mueller,
1563 896 1666 946 uol.
1693 897 1783 958 IV,
1817 914 1863 963 p.
1884 897 1978 966 84)
2009 899 2228 966 ipsaque

320 999 439 1034 cum
482 983 740 1034 territorio
777 1000 870 1033 suo
907 983 1313 1049 archiepiscopis
1351 983 1842 1052 Salisburgensibus
1885 987 2097 1038 subdita
2129 989 2231 1039 fuit

314 1075 371 1122 et
412 1073 474 1122 ad
515 1072 654 1122 hunc
694 1088 863 1137 usque
906 1071 1041 1122 diem
1083 1073 1388 1138 permansit.

392 1237 437 1286 3.
480 1235 678 1286 Restat.
707 1238 764 1286 ut
791 1250 1116 1300 quaeramuS,
1145 1252 1274 1301 quos
1308 1236 1470 1287 libros
1498 1237 1800 1289 Victorinus
1827 1238 2224 1291 Petauionensis

313 1323 585 1389 scripserit
625 1327 676 1373 et
711 1339 838 1388 quae
880 1324 1131 1388 reliquiae
1182 1340 1362 1375 eorum
1410 1341 1576 1390 usque
1620 1326 1681 1376 ad
1722 1343 1814 1378 nos
1856 1329 2223 1389 remanserint3

312 1429 418 1478 qua
472 1412 523 1462 in
573 1413 877 1477 quaestione
933 1413 1236 1478 Hieronymi
1291 1414 1514 1464 indicem
1574 1415 1675 1465 iam
1734 1418 2080 1467 memoratum
2138 1417 2225 1486 (de

315 1501 411 1551 uir.
439 1501 528 1551 inl.
556 1517 597 1552 c.
628 1500 715 1569 74)
768 1501 1010 1566 deinceps
1068 1503 1217 1567 sequ'i
1274 1506 1429 1568 atque
1488 1503 1798 1570 singillatim
1859 1508 1908 1554 et
1958 1505 2222 1556 discretim

311 1589 560 1640 adnotare
603 1591 788 1655 placet,
832 1590 1023 1655 quibus
1071 1590 1279 1641 indiciis
1331 1591 1742 1657 fragmentisque
1791 1592 1943 1642 hodie
1994 1594 2225 1644 contenti

312 1693 429 1728 esse
472 1693 735 1744 cogamur.

392 1838 445 1908 1)
496 1840 869 1891 Victorini
928 1841 1501 1893 commentarius
1555 1843 1628 1893 in
1689 1842 2037 1895 Genesim.

387 1958 466 2009 Ad
519 1958 645 2010 Gen.
674 1960 759 2019 27,
803 1961 868 2011 27
892 1975 1001 2024 sqq,
1030 1960 1385 2026 Hieronymus
1419 1961 1470 2011 in
1505 1961 1653 2026 epist.
1682 1962 1767 2020 36,
1798 1963 1879 2025 16,
1920 1965 2219 2028 postquam,

310 2064 405 2098 cur
435 2048 598 2109 Isaac,
633 2049 713 2098 uir
745 2049 919 2098 iustus
955 2051 1005 2098 et
1047 2048 1139 2099 deo
1176 2064 1344 2108 carus,
1379 2065 1478 2100 non
1512 2050 1606 2112 illi,
1644 2051 1727 2101 cui
1761 2051 1946 2113 uoluit,
1983 2052 2093 2113 sed,
2136 2052 2222 2102 cui

309 2135 491 2199 noluit,
520 2136 770 2202 deceptus
801 2153 969 2187 errore
994 2137 1330 2199 benedixerit,
1352 2138 1641 2189 secundum
1660 2140 1886 2190 litteram
1907 2139 2220 2206 explanauit,

306 2225 686 2290 expositionem
727 2225 1003 2291 Hippolyti
1045 2225 1380 2292 allegoricam
1424 2229 1664 2278 accurate
1713 2228 2008 2293 perscribit,
2063 2244 2217 2293 quam

308 2313 468 2363 etiam
487 2313 813 2364 Victorinum
847 2315 1142 2380 amplexum
1171 2331 1285 2365 esse
1321 2314 1577 2378 adfirmat,
1607 2332 1763 2381 quare
1793 2332 1905 2366 eam
1933 2332 2023 2382 pro
2052 2332 2216 2367 exem-

311 2401 395 2467 plo
440 2402 793 2452 commentarii
838 2402 1093 2468 deperditi
1133 2402 1392 2470 integram
1434 2407 1768 2470 acceptamus
1805 2404 1906 2472 (z
1935 2404 2103 2456 CSEL
2129 2407 2215 2468 54,

307 2488 649 2557 283—285):
689 2496 948 2557 Quoniam
982 2500 1156 2546 autem
1188 2497 1417 2563 polliciti
1457 2513 1640 2547 sumus
1679 2501 1725 2547 et
1766 2498 1827 2548 de
1871 2515 1941 2562 ec,
1992 2499 2120 2566 quid
2158 2500 2216 2550 in

306 2582 483 2649 jiqura
510 2584 848 2650 siynificaret,
877 2584 1176 2652 adiunqere,
1199 2585 1481 2653 Hippolyti
1500 2589 1756 2654 martyris
1775 2587 1931 2637 uerba
1944 2605 2213 2654 ponemus,

309 2688 342 2720 a
362 2687 458 2738 quo
484 2674 530 2720 et
558 2670 860 2722 Victorinus
880 2676 1050 2722 noster
1071 2690 1168 2722 non
1183 2673 1483 2739 plurimum
1501 2674 1776 2741 discrepat,
1804 2692 1905 2725 non
1923 2693 2020 2743 quo
2038 2678 2214 2729 omnia

301 2759 516 2825 plenius
540 2763 803 2810 exsecutus
829 2761 912 2825 sit,
942 2761 1029 2811 sed
1047 2778 1143 2828 quo
1156 2762 1324 2827 possit
1341 2763 1657 2813 occasionem
1667 2764 1915 2830 praebere
1941 2764 2117 2814 lectori
2142 2764 2213 2814 ad

302 2848 708 2915 vintelliyentiam
735 2849 1000 2898 latiorem:
1041 2846 1214 2900 ‘Isaac
1250 2855 1430 2917 portat
1468 2853 1754 2918 imayinem
1786 2851 1868 2901 dei
1892 2853 2087 2918 patris,
2113 2852 2213 2902 Re-

304 2936 451 2986 becca
469 2937 692 3002 spiritus
708 2938 890 3002 sancti,
919 2937 1065 2988 Esau
1077 2939 1264 3005 populi
1274 2940 1478 3005 prioris
1502 2943 1548 2988 et
1570 2939 1780 3006 diaboli,
1807 2939 1959 2990 Iacob
1976 2941 2213 2991 ecclesiae

308 3024 420 3073 siue
471 3023 684 3074 Christi.
733 3026 963 3075 senuisse
1019 3025 1174 3076 Isaac
1227 3029 1723 3077 consummationem
1778 3028 1916 3078 orbis
1963 3029 2213 3092 ostendit;

305 3113 476 3162 oculos
500 3113 648 3162 illius
673 3114 1101 3180 califyassefidem
1119 3116 1322 3181 perisse
1348 3116 1408 3166 de
1432 3116 1627 3166 mundo
1660 3120 1707 3166 et
1737 3116 2009 3184 reliqionis
2036 3118 2208 3168 lumen

301 3204 426 3250 ante
457 3217 572 3250 eum
612 3202 894 3268 neylectum
940 3220 1045 3253 esse
1084 3204 1364 3270 siginificat.
1407 3204 1542 3271 quod
1567 3205 1726 3269 filius
1764 3206 1937 3255 maior
1974 3211 2207 3271 uocatur,

300 3291 529 3356 acceptio
570 3291 694 3357 lepis
733 3295 806 3341 est
852 3290 1196 3355 Iudaeorum;
1236 3292 1371 3359 quod
1410 3309 1552 3342 escas
1589 3293 1702 3343 eius
1740 3298 1892 3361 atque
1932 3299 2208 3361 capturam

300 3377 482 3445 diliyit
500 3382 670 3444 pater,
704 3378 935 3429 homines
960 3383 1083 3430 sunt
1114 3381 1177 3430 ab
1209 3397 1383 3430 errore
1407 3381 1621 3446 saluati‚
1649 3398 1775 3449 quos
1791 3399 1891 3448 per
1914 3383 2207 3433 doctrinam

304 3466 477 3517 iustus
508 3467 721 3534 quisque
753 3471 993 3517 uenatur.
1050 3485 1215 3518 sermo
1248 3469 1330 3518 dei
1370 3469 1737 3520 benedictionis
1767 3475 1841 3521 est
1872 3471 2206 3537 repromissio
