2470 3718
792 211 1049 253 Recensio
1081 210 1391 264 Hieronymi
1422 210 1510 251 XX.
1972 211 2068 259 141

228 367 573 434 reynauerunt
622 385 737 418 cum
783 368 901 417 Iesu
944 366 1078 416 mille
1126 365 1305 425 annis;
1351 364 1534 428 reliqui
1580 381 1751 414 eorum
1798 381 1897 413 non
1935 366 2075 413 moce-

226 459 361 517 runt,
400 455 552 504 donec
595 454 845 518 finiantur
889 453 1022 502 mille
1067 454 1206 501 anni.
1250 451 1368 501 haec
1413 453 1709 501 ‘resurreetio
1746 452 1923 514 prima
1961 453 2075 513 est]

296 540 520 604 [Beatus
556 543 600 590 et
636 543 843 590 sanctus
881 542 965 598 est,
1000 539 1086 601 qui
1114 537 1257 586 habet
1287 538 1343 586 in
1380 536 1471 587 hac
1500 538 1684 598 prima
1713 537 2076 585 resurrectione
2101 537 2141 589 b)
2165 538 2214 578 in
2241 536 2280 575 Φ
2307 556 2360 571 =

222 629 455 692 partem:
493 626 548 675 in
586 625 699 675 istis
737 624 953 675 secunda
990 638 1123 672 mors
1163 638 1264 672 non
1300 620 1444 670 habet
1478 625 1779 685 potestatem,
1812 620 1898 670 sed
1928 624 2076 669 erunt
2107 596 2174 703 23),
2201 607 2252 693 ²6⁹2
2283 593 2320 635 S

179 727 198 758 5
228 711 505 762 sacerdotes
544 711 624 760 dei
663 714 708 760 et
753 709 948 760 Christi
986 711 1028 757 et
1064 708 1346 772 reynabunt
1384 723 1495 756 cum
1534 723 1586 757 eo
1626 706 1761 756 mille
1799 707 1993 769 annis]

300 796 464 866 [Mille
504 797 619 846 anni
656 797 706 846 in
749 796 932 860 quibus
973 795 1214 860 alligatus
1255 797 1333 843 est
1372 796 1592 853 satanaS‚
1628 793 1715 842 isti
1748 795 1865 842 sunt
1896 793 1955 841 ab
1992 792 2070 841 ad-
2104 803 2140 852 e)
2163 800 2212 842 in
2236 799 2276 839 Φ
2302 819 2355 834 2-

228 886 386 934 uentu
426 883 589 948 primo
632 881 822 932 Christi
860 896 1023 945 usque
1063 880 1125 929 ad
1164 879 1439 929 terminum
1480 878 1694 938 saeculi3
1734 878 1874 927 mill-e
1908 880 2076 927 autem
2139 861 2182 908 a)
2215 858 2265 898 in
2295 858 2331 898 S

230 968 352 1018 dicti
393 983 449 1018 eo
488 967 729 1032 loquendi
769 966 936 1026 mod0‚
978 979 1075 1029 quo
1114 980 1231 1028 pars
1271 963 1587 1028 significatur
1621 979 1648 1012 a
1678 965 1802 1025 toto,
1837 963 1971 1012 sicut
2003 966 2079 1011 est

228 1052 380 1102 illud:
428 1052 571 1102 uerbi
616 1052 748 1115 quod
790 1050 1062 1100 mandauit
1106 1051 1162 1098 in
1207 1049 1346 1099 mille
1389 1048 1750 1113 yeneratione'S,
1808 1048 1927 1097 dum
1983 1063 2079 1096 non

161 1154 200 1185 10
235 1141 338 1190 sint
377 1139 533 1189 mille.
576 1137 712 1202 quod
754 1138 923 1186 autem
965 1133 1078 1202 aitz]

303 1225 451 1291 [haec
495 1223 793 1272 resurrectio
828 1222 1008 1284 prima
1052 1224 1139 1281 est,
1189 1220 1316 1269 duae
1365 1222 1485 1269 sunt
1521 1220 1943 1277 1·esurrectiones;
1995 1219 2083 1269 sed
2108 1218 2287 1284 (θη-Φ
2315 1238 2367 1254 z

231 1311 392 1376 prima
438 1308 740 1359 resurrectio
789 1322 922 1356 nunc
978 1308 1057 1355 est
1110 1305 1393 1355 animarum
1441 1321 1530 1369 per
1573 1304 1743 1365 fidem,
1802 1319 1928 1369 quae
1983 1320 2079 1354 non
2112 1278 2267 1387 233?
2299 1276 2335 1317 S

232 1394 484 1461 permittit
521 1393 752 1443 homines
784 1392 998 1442 transire
1031 1391 1092 1441 ad
1124 1393 1341 1440 mortem
1375 1390 1664 1441 secundam.
1702 1390 1761 1439 de
1795 1390 1887 1439 hac
1920 1405 2081 1439 resur-

234 1481 455 1531 rectione
497 1480 622 1529 dicit
661 1478 948 1544 apostolus:
991 1478 1042 1527 si
1091 1477 1573 1526 resurrexistis
1616 1491 1753 1526 cum
1796 1475 2081 1534 Christ0‚

163 1582 202 1614 15
241 1582 406 1632 quae
448 1581 703 1616 sursum
748 1566 899 1614 sunt
939 1560 1274 1631 quaerite]

309 1650 395 1720 [Et
423 1651 562 1700 misit
595 1649 751 1710 illum,
782 1650 965 1712 inquit,
995 1650 1052 1697 in
1083 1648 1332 1711 abyssum,
1366 1646 1484 1711 quia
1517 1646 1748 1696 diabolus
1785 1645 2018 1695 exclusus
2054 1660 2080 1694 a
2111 1646 2363 1746 &bin-<DJ

381 1765 404 1805 7
438 1777 500 1817 sq.
533 1764 588 1816 cf.
621 1763 922 1817 Au9uslinum
944 1775 989 1814 p.
1027 1761 1163 1802 441l.
1191 1760 1382 1801 12—15:
1417 1761 1466 1800 ut
1494 1759 1623 1799 huius
1655 1758 1832 1799 miliarii
1861 1760 2083 1811 tamquam
2117 1714 2186 1814 203
2217 1718 2266 1802 Ξη

236 1837 321 1878 diei
345 1835 626 1876 nouissimam
651 1835 833 1888 partem,
852 1846 960 1887 quae
985 1832 1240 1874 remanebat
1264 1844 1402 1885 usque
1428 1829 1482 1871 ad
1504 1830 1739 1871 terminum
1765 1830 1940 1880 saeculi,
1965 1829 2085 1870 mille

237 1921 370 1948 annos
403 1906 692 1961 appellauerit
725 1918 772 1945 eo
803 1904 1015 1958 loquendi
1038 1902 1180 1953 modo,
1207 1916 1290 1956 quo
1315 1916 1415 1957 pars
1441 1902 1711 1955 significatur
1737 1915 1761 1942 a
1783 1903 1892 1942 toto.
1917 1901 2088 1942 Beatus

237 1978 364 2019 addit
387 1991 435 2030 p.
473 1979 588 2019 532:
613 1990 713 2030 ergo
742 1974 946 2016 audiendi
970 1989 1056 2016 non
1081 1977 1182 2015 sunt
1207 1974 1280 2028 qui
1313 1974 1477 2026 dicunt,
1510 1973 1627 2026 quod
1653 1972 1705 2013 de
1731 1972 1894 2015 Christi
1926 1971 2086 2012 natiui-

235 2052 328 2091 tate
360 2062 496 2102 usque
531 2049 584 2090 ad
617 2048 851 2090 secundum
883 2047 1117 2088 aduentum
1151 2046 1314 2087 domini
1346 2046 1466 2086 mille
1493 2042 1602 2086 'anni
1634 2047 1748 2097 sunt,
1774 2045 1847 2098 qui
1880 2057 1973 2084 cum
1998 2043 2086 2084 Eu-

238 2122 381 2162 nomio
414 2121 601 2173 (Cirinto
635 2119 726 2162 cod.
758 2119 1120 2170 Aemilianensis)
1151 2117 1373 2158 haeretico
1407 2130 1491 2157 una
1523 2116 1720 2157 sentiunt
1780 2116 1805 2157 9
1837 2115 1907 2156 Ps.
1943 2115 2036 2161 104,
2062 2115 2086 2155 8

239 2193 293 2234 14
325 2191 415 2234 Col.
450 2192 489 2244 3,
525 2193 541 2232 1
638 2192 690 2232 16
722 2204 816 2245 sqq.
849 2192 904 2243 cf.
937 2191 1237 2244 Auqustinum
1260 2202 1308 2241 p.
1345 2191 1439 2229 442
1472 2186 1498 2229 Z.
1535 2188 1700 2229 7—18:
1731 2186 1829 2228 ideo
1861 2187 1964 2227 illuc
1989 2186 2087 2239 (sci-

239 2265 335 2305 licet
359 2265 403 2304 in
436 2264 641 2318 abyssum
667 2262 884 2315 diabolus)
911 2261 1071 2303 dicitur
1093 2261 1263 2311 missus,
1291 2261 1393 2314 quia
1418 2260 1613 2301 exclusus
1640 2273 1664 2300 a
1689 2258 1968 2300 credentibus
1992 2258 2088 2311 plus

239 2336 382 2389 coepit
420 2335 578 2389 impios
617 2334 841 2388 possidere
873 2367 881 2375 .
917 2367 926 2376 .
959 2364 970 2376 .
1002 2334 1175 2374 ‘clausit
1213 2346 1341 2387 super
1381 2333 1489 2373 eum'
1532 2331 1697 2373 dictum
1738 2333 1822 2371 est:
1863 2329 2090 2371 interdixit

239 2407 292 2454 ei,
326 2418 378 2446 ne
410 2407 562 2458 posset
594 2405 720 2454 exire,
753 2404 799 2445 id
831 2407 899 2446 est
930 2405 1115 2446 uetitum
1146 2402 1410 2457 transgredi.
1443 2403 1667 2456 ‘signauit’
1702 2405 1847 2443 autem
1872 2399 1987 2455 quod
2013 2399 2087 2441 ad-

238 2476 365 2529 didit,
390 2475 659 2530 significasse
684 2475 793 2516 mihi
815 2475 1001 2528 uidetur,
1035 2475 1136 2529 quia
1168 2475 1384 2516 occultum
1420 2487 1512 2515 esse
1544 2474 1699 2525 uoluit,
1735 2473 1808 2526 qui
1841 2473 2090 2526 pertineant

239 2547 291 2589 ad
330 2550 497 2601 partem
539 2546 703 2588 diaboli
745 2549 789 2587 et
828 2547 900 2600 qui
939 2560 1025 2587 non
1064 2546 1328 2601 pertineant.
1374 2545 1456 2586 hoc
1503 2545 1662 2599 quippe
1707 2544 1752 2584 in
1791 2543 1962 2584 saeculo
2004 2542 2088 2582 isto

237 2632 411 2673 prorsus
433 2619 559 2667 latet,
587 2618 688 2672 quia
712 2620 756 2658 et
780 2618 854 2673 qui
877 2617 1051 2659 uidetur
1082 2620 1211 2667 stare,
1242 2620 1388 2658 utrum
1421 2616 1479 2657 sit
1510 2629 1701 2669 casurus,
1736 2617 1781 2656 et
1811 2615 1885 2668 qui
1917 2613 2091 2654 uidetur

238 2692 392 2743 iacere,
423 2691 568 2731 utrum
600 2689 659 2730 sit
689 2691 972 2742 surrecturus,
1002 2689 1214 2730 incertum
1247 2691 1314 2729 est

299 2776 318 2816 1
356 2776 494 2829 annis]
530 2775 633 2816 add.
668 2777 712 2816 et
741 2774 790 2816 F
899 2774 1110 2828 reliquiae
1142 2773 1224 2816 IK
1336 2773 1491 2814 uiuent
1521 2773 1560 2822 I,
1593 2772 1844 2813 reuixerunt
1871 2785 1899 2825 9
1966 2771 1991 2812 3
2025 2772 2091 2811 est

239 2860 320 2888 om.
355 2846 390 2888 S
506 2847 607 2888 abet
637 2849 803 2900 partem
836 2847 879 2886 in
912 2845 1227 2887 resurrectione
1259 2845 1397 2898 prima
1426 2844 1475 2885 F
1585 2844 1727 2896 prima
1758 2855 1839 2884 om.
1868 2855 1896 2894 9
1954 2841 1980 2881 4
2012 2840 2088 2882 ha-

239 2917 363 2958 bebit
392 2917 475 2959 FS
574 2916 670 2971 sed]
703 2919 747 2958 et
776 2917 810 2957 I
894 2918 918 2957 5
950 2917 1248 2970 regnauerunt
1276 2915 1325 2956 F
1409 2915 1433 2955 6
1464 2914 1605 2967 Mille]
1639 2913 1706 2954 illi
1737 2912 1774 2954 S
1881 2911 1950 2965 ab]
1982 2911 2024 2951 in
2059 2909 2094 2950 S

298 2988 350 3028 ab
383 2989 618 3029 aduentum
652 2988 722 3041 xpi
755 2988 892 3042 primo
923 2987 972 3028 F
1112 2986 1137 3027 8
1172 2999 1220 3027 eo
1252 2985 1474 3039 loquendi]
1509 2984 1735 3038 eloquenti
1765 2983 1821 3031 F,
1856 2981 2090 3036 eloquendi

239 3059 412 3099 Beatus
428 3072 476 3111 p.
501 3061 593 3100 532
682 3060 724 3113 a]
748 3072 821 3111 pro
839 3059 889 3100 H
948 3059 972 3099 9
997 3072 1081 3112 quo
1105 3057 1333 3099 mandabit
1348 3056 1396 3097 F
1480 3056 1599 3109 dum]
1622 3069 1715 3096 cum
1731 3068 1760 3108 9
1821 3054 1872 3095 10
1898 3056 1998 3093 sunt
2013 3051 2094 3093 FS

297 3129 418 3170 mille
449 3142 527 3170 om.
560 3129 642 3170 JK
729 3129 777 3171 11
813 3129 920 3171 haec
952 3143 1032 3171 res.
1063 3132 1204 3183 prima
1235 3131 1302 3169 est
1333 3141 1414 3171 om.
1451 3127 1486 3168 S
1602 3129 1669 3167 est
1700 3138 1782 3166 om.
1814 3123 1962 3170 IKM,
1986 3128 2091 3176 post

240 3199 346 3241 haec
372 3200 506 3252 ponit
535 3199 588 3240 H
676 3201 728 3240 12
759 3213 872 3241 nunc
904 3213 984 3241 om.
1016 3199 1154 3240 IKM
1238 3200 1293 3239 14
1323 3197 1545 3252 apostolus
1579 3196 1687 3237 dicit
1717 3195 1764 3235 F
1865 3195 1915 3235 16
1947 3193 2092 3247 inquit

240 3284 329 3312 om.
360 3270 521 3324 IKM9
637 3271 782 3325 inquit
812 3271 934 3312 illum
966 3270 1001 3312 S
1031 3269 1249 3324 abyssum]
1284 3263 1387 3310 add.
1418 3268 1500 3309 hoc
1530 3267 1677 3320 inquit
1705 3280 1734 3320 9
1853 3278 1876 3306 a
1908 3263 2084 3305 creden-

239 3342 351 3383 tium
386 3341 588 3384 cordibus
620 3341 677 3395 S;
708 3343 765 3395 cf.
795 3343 988 3384 Beatum
1016 3356 1058 3396 p.
1089 3345 1194 3384 531.-
1226 3340 1413 3383 exclusit
1444 3339 1498 3381 de
1532 3338 1732 3380 cordibus
1766 3336 2029 3379 credentium
