2470 3718
782 233 1483 287 Prolegomenamssa.
1965 226 2050 275 LV

201 391 505 454 positionem
545 396 783 461 mayistri
820 396 1040 445 Matthie
1074 397 1133 446 de
1166 395 1351 447 Swetia
1389 404 1591 448 sanctae
1630 400 1852 467 Bv-iyitte
1891 402 2051 451 devoti

202 493 325 526 anno
369 478 503 528 1477
548 479 778 540 coeptam
819 493 929 527 esse
970 479 1122 528 scribi
1159 479 1209 527 in
1250 479 1336 531 fol.
1367 481 1465 529 133
1504 481 1773 532 indicatur.

274 561 436 624 Quam
485 566 591 612 arto
640 563 954 626 cognationis
994 563 1200 613 uinculo
1242 565 1443 615 codices
1482 569 1638 619 JKM
1667 567 1799 617 inter
1846 584 1898 618 se
1938 584 2052 618 con-

201 649 362 698 iuncti
408 648 524 709 sint,
574 664 630 697 ex
677 651 919 712 apparatu
967 649 1144 699 critico
1192 650 1340 700 facile
1388 650 1780 703 demonstratur.
1829 654 2053 704 illustria

202 734 428 797 exempla
467 734 751 784 communis
792 734 999 799 originis
1039 737 1161 785 sunt
1198 736 1375 785 tabula
1412 752 1460 800 p.
1489 738 1572 798 29,
1623 753 1722 801 qua
1758 738 1891 788 idem
1933 740 2050 790 ordo

201 819 534 882 epistularum
584 819 733 869 Pauli
777 819 1032 870 indicatur
1078 836 1104 869 a
1149 821 1362 885 reliquis
1411 822 1674 872 codicibus
1724 823 1955 874 differens
2004 830 2054 875 et

200 906 390 955 omissa
428 906 648 969 epistula
686 905 748 955 ad
795 906 1151 970 Philippenses
1193 908 1414 971 epistula
1451 908 1513 957 ad
1555 909 1818 959 Hebraeos
1858 913 2050 974 septem

198 991 427 1040 Paulinis
467 991 841 1051 adnumeratur,
883 995 934 1040 et
965 1007 1184 1041 consona
1221 993 1369 1051 rati0,
1412 1009 1509 1057 qua
1539 1010 1584 1057 p.
1610 995 1695 1055 95,
1736 996 1766 1044 3
1805 996 2051 1045 transitus

198 1076 256 1125 fit
295 1092 321 1125 a
361 1092 467 1140 cap.
495 1078 576 1138 10,
623 1079 682 1126 11
728 1077 1143 1141 interpretatione
1184 1078 1245 1127 ad
1287 1094 1391 1142 cap.
1423 1080 1503 1137 12,
1546 1079 1625 1128 3b
1668 1080 2050 1143 expositionem.

200 1177 346 1226 saepe
394 1163 594 1212 codices
648 1166 741 1215 JK
788 1166 1080 1225 consonant,
1137 1164 1335 1218 cod.M
1374 1164 1630 1228 discrepat
1674 1181 1835 1230 neque
1883 1170 2050 1216 tamen

200 1247 552 1297 coniciendum
592 1250 670 1297 est
709 1248 935 1298 codicem
966 1253 1027 1303 K
1053 1265 1109 1298 ex
1149 1250 1322 1299 codice
1354 1254 1390 1304 I
1417 1250 1729 1314 descriptum
1769 1267 1898 1301 esse.
1937 1267 2052 1301 nam

200 1333 307 1382 cod.
334 1336 394 1386 K
424 1334 631 1397 praebet
669 1335 831 1383 totam
870 1334 1013 1384 illam
1052 1337 1249 1398 partem
1287 1351 1401 1401 pag.
1431 1337 1513 1396 63,
1556 1338 1749 1397 3—69,
1795 1339 1874 1395 13,
1925 1353 2052 1402 quae

198 1419 247 1467 in
291 1419 401 1469 cod.
425 1423 461 1472 I
486 1422 690 1483 propter
719 1419 828 1469 folii
870 1419 1106 1470 damnum
1150 1421 1310 1482 deest,
1351 1422 1568 1486 aliisque
1600 1423 1727 1473 locis
1761 1438 1906 1473 suam
1940 1438 2053 1473 auc-

197 1504 457 1561 toritatem
505 1505 833 1555 demonstrat.
880 1508 939 1555 ut
978 1507 1204 1570 exemplo
1245 1509 1374 1566 utar,
1417 1508 1552 1571 quod
1591 1508 1644 1557 in
1685 1524 1797 1573 app.
1825 1509 1930 1558 crit.
1955 1525 2052 1559 non

197 1593 422 1639 notatur:
470 1606 515 1653 p.
541 1592 624 1653 39,
675 1592 882 1641 17-19
928 1592 1149 1657 legimus
1189 1593 1239 1642 in
1279 1593 1389 1642 cod.
1414 1598 1449 1646 I
1483 1593 1690 1644 omissis
1736 1595 1907 1644 uerbis
1939 1601 2052 1665 pri-

201 1697 335 1729 mam·
360 1682 776 1730 resurrectionem
799 1683 987 1731 scilicet
1009 1684 1302 1748 repromisit
1332 1681 1478 1730 haec:
1507 1689 1553 1734 et
1584 1685 1710 1734 dabo
1741 1686 1823 1734 illi
1854 1686 2053 1734 stellam

197 1767 523 1828 matutinam,
565 1783 692 1832 quae
729 1773 918 1817 noctem
941 1768 1106 1835 fuyat
1136 1775 1182 1818 et
1212 1771 1371 1819 lucem
1409 1773 1704 1834 anmmtiat,
1745 1772 1801 1820 id
1843 1776 1913 1820 est
1951 1771 2053 1820 dier:

196 1853 424 1915 initium,
467 1847 656 1898 codicis
688 1852 749 1901 K
781 1852 950 1899 autem
990 1851 1141 1900 lectio
1181 1852 1305 1900 haec
1346 1855 1445 1901 est:
1485 1862 1531 1906 et
1569 1857 1696 1906 dabo
1733 1858 1816 1906 illi
1854 1858 2052 1907 stellam

199 1939 532 1987 matutinam:
571 1940 803 2005 primam
839 1942 1254 1990 resurrectionem
1293 1943 1482 1991 scilicet
1523 1945 1817 2008 repromisit
1855 1944 2052 1992 stellam

197 2025 522 2087 rumentinam,
564 2042 689 2091 quae
726 2029 916 2074 noctem
940 2026 1106 2092 ferque}
1144 2031 1190 2076 et
1229 2030 1388 2078 lucem
1419 2031 1714 2091 annuntiat,
1754 2029 1811 2077 id
1841 2033 1912 2078 est
1950 2030 2053 2079 diez·

196 2110 420 2158 initiam.

269 2190 323 2259 ῃ)
361 2192 602 2243 Testibus
634 2194 942 2243 recensionis
974 2195 1271 2257 posterioris
1306 2198 1447 2245 textu
1480 2197 1801 2262 apocalypsis
1836 2197 2051 2262 aliisque

197 2277 556 2327 additamentis
598 2281 776 2329 auctae
808 2278 908 2346 (Φ)
942 2281 1317 2330 adnumeranda
1356 2285 1475 2331 sunt
1515 2285 1695 2336 Sancti
1726 2288 1877 2336 Beati
1907 2304 2050 2352 pres-

197 2368 358 2432 byteri
388 2368 620 2433 Hispani
656 2369 989 2419 Liebcmensis
1022 2372 1075 2420 in
1108 2371 1455 2437 Apocalypsin
1487 2375 1866 2436 commentaria,
1900 2390 2051 2439 opera

197 2457 241 2501 et
294 2454 461 2502 studio
515 2455 732 2504 Henrz'ci
784 2456 965 2505 Florez
1018 2453 1235 2515 (Matriti
1294 2455 1447 2514 1770,
1503 2456 1606 2504 584
1654 2456 1805 2520 pag).
1861 2456 2050 2505 Beatus

197 2535 476 2600 presbyter,
531 2536 615 2600 qui
668 2537 718 2585 in
773 2537 1151 2601 Adoptianismi
1199 2539 1288 2589 lite
1344 2555 1472 2589 anno
1522 2541 1625 2591 785
1674 2556 1790 2591 cum
1845 2541 2048 2591 Etherio

198 2621 444 2670 monacho
478 2625 652 2671 contra
685 2622 988 2685 Elipandum
1024 2624 1464 2688 archiepiscopum
1505 2626 1805 2676 Toletanum
1847 2627 2053 2690 scripsit

200 2705 384 2767 (XCVI
425 2707 743 2757 894—1030
785 2709 876 2771 M),
930 2709 978 2758 in
1024 2711 1235 2775 prologo
1288 2712 1771 2762 commentariorum
1816 2712 1866 2761 in
1917 2711 2049 2776 Apo-

197 2791 444 2855 calypsin,
503 2808 629 2856 quae
678 2809 803 2842 anno
847 2796 947 2844 784
996 2796 1286 2859 composuit
1332 2799 1381 2846 et
1433 2797 1641 2847 Etherio
1682 2798 1927 2848 monacho
1969 2798 2049 2847 de-

199 2876 406 2937 dicauit,
455 2880 687 2928 auctores
726 2879 843 2928 libri
883 2881 963 2929 sui
1003 2881 1266 2945 compilati
1307 2886 1591 2942 enumerat3
1634 2899 1805 2933 eorum
1848 2883 2051 2934 nomina

197 2961 320 3012 haec
366 2966 507 3012 sunt:
558 2964 919 3029 Hieronymus,
966 2966 1308 3033 Augustinus,
1356 2969 1677 3029 AmbrosiUS,
1726 2969 2046 3035 Fulgentius,

200 3046 493 3113 GregoriuS,
546 3050 799 3113 Ticonius,
854 3052 1106 3112 IrenaeuS,
1165 3054 1455 3104 Victorinus
1509 3054 1581 3118 (in
1630 3070 1730 3104 uno
1780 3071 1836 3104 ex
1884 3055 2047 3104 tribus

197 3133 477 3194 codicibuS,
535 3136 720 3199 quibus
774 3137 951 3188 Florez
998 3154 1124 3189 usus
1173 3140 1288 3206 est),
1341 3139 1636 3206 ApringiuS,
1688 3140 1932 3190 Isidorus.
1988 3140 2047 3189 de

196 3219 439 3285 Apringio
488 3237 640 3285 supra
691 3221 764 3290 (p.
790 3223 903 3289 LII)
950 3225 1310 3283 tractauimus;
1365 3241 1498 3275 nunc
1538 3226 1598 3275 de
1638 3225 1897 3276 Victorino
1950 3225 2048 3274 dis-

197 3319 438 3355 seremus,
479 3306 566 3370 qui
605 3311 901 3372 apparatum
933 3312 1164 3360 nostrum
1198 3310 1431 3360 criticum
1472 3311 1760 3375 inspexerit,
1797 3311 1944 3360 facile
1975 3311 2046 3359 in-

195 3389 404 3451 telleget
435 3407 532 3442 non
573 3391 817 3443 Victorini
854 3394 1128 3445 editionem
1165 3411 1326 3460 neque
1362 3396 1655 3461 Hieronymi
1685 3396 2044 3455 recensionem,
