2470 3718
745 192 1001 233 Recensio
1036 191 1339 245 Hieronymi
1371 191 1431 231 IV
1462 191 1588 232 4—5.
2015 191 2080 239 55

242 351 442 415 plebem
484 365 642 409 suam,
683 348 851 411 aquila
897 348 1076 397 uolans
1118 347 1407 397 nominatus
1449 349 1540 395 est.
1589 346 1684 394 hae
1726 360 1842 410 ergo
1889 345 2080 408 praedi-

245 436 467 486 cationes
510 434 743 497 quamuis
785 435 1026 497 quattuor
1067 432 1182 493 sint,
1224 447 1323 481 una
1364 435 1443 481 est
1479 434 1665 490 tamen,v
1716 431 1831 494 quia
1878 431 1935 479 de
1982 445 2080 479 uno

244 537 325 571 ore
363 520 627 584 processit,
671 519 804 569 sicut
841 518 1031 567 fluuius
1070 518 1119 566 in
1159 517 1392 582 paradiso
1435 533 1548 566 cum
1590 516 1656 566 sit
1694 531 1824 564 unus
1857 516 1904 564 in
1941 518 2079 578 quat-

241 610 357 656 tuor
394 608 562 670 partes
603 604 802 654 diuisus
844 606 935 654 est.

191 705 211 736 5
315 691 537 742 Oculos
591 693 758 739 autem
807 690 973 738 intus
1023 694 1079 739 et
1125 688 1275 738 foris
1325 689 1540 737 habere
1590 703 1653 737 ea
1693 687 1990 745 animalia,
2031 686 2083 734 id
2114 685 2153 738 4,
2187 685 2254 725 6b

242 782 320 827 est
365 776 807 842 ‘praedicationem
855 774 973 824 noui
1021 773 1350 831 testamenti',
1390 774 1758 838 prouidentiam
1803 772 2082 836 spiritalem

241 862 479 920 ostendit„
515 877 640 925 quae
674 863 724 910 et
757 862 951 910 secreta
984 860 1146 910 cordis
1178 858 1386 923 inspicit
1417 861 1467 907 et
1491 858 1899 923 superuenientia
1922 857 2081 916 uidet,

241 964 367 1012 quae
401 949 518 997 sunt
556 947 723 996 intus
765 948 822 995 et
860 945 1025 995 foris.
1067 945 1190 994 alas
1227 959 1424 994 senas:
1465 943 1758 993 testimonia
1792 947 1911 992 sunt
1943 946 2080 991 uete-
2112 943 2151 992 47
2185 940 2210 981 8

238 1033 305 1082 ris
345 1032 640 1082 testamenti
690 1032 932 1081 librorum
974 1031 1190 1094 ideoque
1237 1030 1422 1096 uiginti
1471 1032 1710 1093 quattuor
1750 1028 1962 1086 faciunt3
2004 1031 2081 1076 tot

167 1132 206 1163 10
239 1133 447 1167 numero
478 1120 611 1177 sunt,
640 1122 763 1180 quot
789 1119 839 1165 et
864 1116 1086 1165 seniores
1116 1131 1266 1180 super
1298 1115 1587 1166 tribunalia.
1624 1114 1709 1163 sed
1738 1114 1869 1162 sicut
1896 1114 2079 1162 animal

236 1204 409 1253 uolare
449 1218 544 1252 non
586 1205 757 1266 potest
795 1201 891 1250 nisi
930 1217 1119 1265 pennas
1154 1201 1353 1260 habeat,
1389 1201 1462 1250 sic
1492 1215 1582 1249 nec
1614 1198 1920 1263 praedicatio
1962 1198 2079 1247 noui

236 1289 530 1339 testamenti
584 1288 735 1337 fidem
789 1287 957 1347 habet,
1012 1287 1110 1336 nisi
1157 1287 1341 1336 habeat
1378 1287 1567 1336 ueteris
1608 1285 1903 1335 testamenti
1942 1299 2079 1347 prae-

236 1375 466 1424 nuntiata
507 1373 818 1431 testimonia,
858 1388 946 1436 per
988 1388 1113 1436 quae
1145 1372 1347 1422 tollitur
1379 1387 1406 1420 a
1438 1375 1570 1421 terra
1604 1375 1653 1420 et
1685 1371 1839 1420 uolat.
1882 1386 2081 1433 semper

236 1461 367 1510 enim
409 1461 543 1524 quod
585 1462 697 1509 ante
739 1459 931 1508 dictum
975 1467 1053 1507 est
1093 1460 1142 1507 et
1180 1461 1360 1522 postea
1398 1458 1588 1507 factum
1630 1457 1903 1515 inuenitur,
1951 1456 2078 1504 illud

163 1559 203 1593 15
237 1547 383 1596 fidem
425 1546 546 1596 facit
584 1544 990 1595 indubitabilem.
1045 1560 1248 1594 rursum
1289 1547 1455 1593 tamen
1500 1546 1549 1593 et
1589 1543 1697 1592 alae
1739 1542 1781 1591 si
1820 1558 1914 1592 non
1963 1542 2075 1590 hae-

232 1636 374 1682 reant
420 1632 739 1692 animalibuS‚
795 1631 954 1680 uitam
1003 1630 1135 1679 unde
1175 1630 1379 1679 trahant
1416 1645 1511 1679 non
1554 1629 1752 1678 habent.
1807 1627 1902 1676 nisi
1945 1627 2073 1676 enim

234 1734 360 1782 quae
414 1718 769 1782 praedixerunt
814 1716 1090 1781 prophetae
1144 1715 1192 1765 in
1236 1715 1435 1766 Christo
1487 1717 1656 1765 essent
1705 1716 2071 1771 consummata,

231 1803 392 1852 inanis
435 1806 541 1852 erat
594 1801 901 1866 praedicatio
957 1801 1175 1851 illorum.
1223 1802 1317 1851 hoe
1365 1803 1504 1850 tenet
1560 1799 1774 1850 ecclesia
1827 1798 2078 1847 catholica

232 1891 282 1937 et
321 1891 436 1937 ante
475 1887 765 1951 praedicata
799 1890 847 1936 et
880 1889 1057 1950 postea
1090 1889 1444 1936 consummata
1475 1887 1617 1935 uolat
1650 1888 1699 1934 et
1732 1884 1910 1934 merito
1945 1883 2078 1933 tolli-

158 1986 199 2025 20
231 1977 314 2022 tur
367 1989 393 2022 a
443 1977 588 2034 terra,
644 1973 821 2022 uiuum
879 1972 1077 2023 animal.
1135 1972 1374 2022 haeretici
1431 1976 1600 2021 autem
1651 1972 1736 2035 qui
1783 1970 2078 2020 testimonio

228 2058 522 2123 prophetico
563 2075 658 2108 non
699 2062 926 2117 utuntur,
967 2058 1150 2108 adsunt
1197 2058 1269 2107 eis
1317 2057 1567 2118 animalia,
1609 2058 1697 2106 sed
1736 2072 1831 2106 non
1871 2058 2062 2116 nolant,

227 2145 345 2208 quia
385 2147 503 2194 sunt
541 2147 750 2194 terrena.
798 2144 943 2194 Iudei
983 2147 1153 2194 autem
1196 2144 1280 2207 qui
1321 2159 1415 2193 non
1459 2144 1715 2208 accipiunt
1761 2143 1881 2192 noui
1924 2145 2078 2191 testa-

373 2299 397 2339 2
431 2298 482 2339 cf.
515 2298 650 2352 Apoc.
686 2299 724 2351 1,
758 2298 854 2340 16b
946 2299 970 2340 3
1005 2297 1048 2338 cf
1092 2297 1195 2339 Gen.
1230 2299 1270 2347 2,
1306 2298 1359 2339 10
1452 2297 1501 2338 10
1537 2297 1587 2338 cf.
1623 2300 1755 2350 Apoc.
1787 2298 1828 2345 4,
1859 2296 1886 2336 4

289 2399 307 2437 1
345 2411 464 2438 suam
496 2397 667 2451 plebem
705 2397 783 2438 CB
872 2398 978 2439 haec
1016 2398 1165 2439 Tsz
1257 2411 1359 2449 ergo
1393 2411 1472 2439 om.
1505 2396 1582 2438 CB
1671 2397 1695 2436 2
1730 2399 1829 2437 sunt
1864 2409 1884 2436 e
1972 2397 1995 2437 5
2030 2410 2079 2437 ea

229 2482 309 2510 om.
342 2467 417 2508 ΥΦ
506 2469 551 2510 id
584 2470 666 2521 est]
700 2470 742 2509 in
774 2483 800 2522 9
873 2470 898 2510 6
931 2468 1271 2522 praedicationis
1304 2469 1385 2509 JK
1471 2468 1703 2522 specialem
1742 2467 1819 2507 CB
1894 2468 1916 2508 7
1951 2462 2076 2520 quae]

230 2540 302 2594 qui
341 2539 459 2581 TFS
574 2540 930 2594 superuenientia
961 2540 1009 2581 F
1093 2541 1117 2581 8
1152 2539 1275 2593 quae]
1311 2540 1383 2592 qui
1422 2540 1536 2580 TFI
1630 2539 1726 2579 alae
1759 2551 1886 2578 senae
1922 2537 2083 2578 CBJK

286 2614 387 2652 sunt
416 2613 520 2652 test.
551 2611 629 2652 CB
689 2612 713 2652 9
738 2611 836 2651 ideo
862 2610 1020 2652 FIKS
1100 2615 1205 2663 post
1230 2611 1390 2663 uiginti
1418 2610 1520 2651 add.
1550 2613 1593 2650 et
1618 2608 1653 2650 S
1736 2609 1919 2649 totidem
1946 2608 2084 2648 IKM

231 2684 281 2725 10
306 2695 484 2724 numero
511 2685 611 2728 sunt
635 2682 805 2735 scripsi,
824 2695 1022 2723 numeros
1041 2679 1167 2731 ΥΦΕ,
1193 2695 1416 2722 numerum
1444 2681 1579 2722 codex
1595 2679 1805 2721 Millcmii
1893 2679 2083 2733 supraF

276 2758 381 2807 post
411 2753 650 2795 tribunalia
684 2754 786 2795 add.
822 2753 1022 2795 sedentes
1049 2753 1084 2794 S
1170 2752 1261 2806 sed]
1297 2757 1341 2794 et
1365 2753 1396 2793 I
1453 2753 1501 2793 11
1538 2753 1633 2805 nec]
1670 2755 1713 2792 et
1742 2751 1799 2803 F,
1832 2764 1911 2792 om.
1945 2750 2082 2790 JKM

230 2826 281 2866 12
306 2829 412 2877 post
442 2823 571 2866 fidem
605 2824 709 2866 add.
743 2838 828 2865 non
862 2824 901 2862 Φ
992 2824 1076 2864 nisi
1107 2824 1243 2864 habet
1273 2824 1321 2865 F
1405 2822 1687 2877 pronuntiata
1717 2821 1765 2862 F
1823 2822 1873 2862 13
1908 2835 1931 2861 a
1961 2823 2077 2861 terra

227 2909 308 2937 om.
340 2895 387 2936 F
459 2895 511 2936 14
542 2895 790 2936 inuenietur
828 2894 1003 2936 TFMS
1078 2895 1128 2936 15
1161 2897 1308 2935 tamen
1342 2907 1422 2937 om.
1453 2907 1480 2947 9
1576 2893 1802 2945 haereant]
1841 2895 1988 2933 ereant-
2025 2891 2073 2939 Τ,

229 2969 353 3008 erant
384 2966 450 3014 M,
485 2965 574 3006 sint
603 2965 695 3015 JK,
726 2967 973 3006 mereantur
1004 2965 1052 3006 F
1168 2965 1218 3006 18
1252 2964 1395 3005 fuerat
1425 2965 1466 3016 I,
1502 2964 1584 3005 erit
1615 2978 1648 3011 e,
1683 2966 1798 3004 esset
1829 2962 1868 3007 Ἡ
1896 2976 1940 3014 p.
1975 2963 2071 3002 265

286 3051 429 3078 eorum
465 3036 501 3078 S
601 3037 708 3078 haec
737 3050 764 3090 9
852 3041 959 3089 post
990 3036 1071 3077 hoc
1104 3036 1207 3076 add.
1242 3037 1355 3077 enim
1391 3035 1426 3077 S
1539 3038 1692 3075 tenens
1729 3033 1819 3082 CB,
1851 3035 2002 3074 teneat
2031 3033 2078 3073 F

277 3111 381 3160 post
398 3108 611 3149 catholica
630 3107 734 3148 add.
754 3121 862 3160 quae
882 3107 917 3148 S
977 3107 1027 3148 19
1048 3109 1175 3148 antea
1191 3120 1218 3160 9
1302 3111 1402 3159 post
1424 3120 1538 3147 cons.
1559 3105 1659 3146 add.
1681 3107 1781 3145 sunt
1799 3107 1842 3145 et
1859 3104 1894 3144 S
1973 3107 2075 3155 post

227 3180 348 3220 uolat
381 3179 485 3220 add.
520 3179 679 3233 quippe
712 3179 749 3220 S
834 3179 888 3220 20
915 3184 1016 3231 post
1048 3192 1071 3219 a
1104 3182 1219 3220 terra
1252 3178 1356 3219 add.
1390 3179 1430 3218 in
1467 3178 1598 3218 altum
1633 3177 1665 3216 I
1763 3175 1994 3216 haereticis
2028 3188 2074 3227 69

282 3249 580 3291 testimonium
614 3249 914 3303 propheticum
946 3249 994 3289 F
1079 3250 1128 3290 21
1167 3253 1270 3290 ante
1302 3250 1362 3289 eis
1397 3248 1501 3289 add.
1536 3251 1578 3288 et
1607 3262 1633 3301 9
1742 3246 1900 3287 adsunt
1933 3245 2008 3298 eis]
2044 3258 2067 3285 a

226 3321 314 3362 suis
346 3320 379 3360 I
463 3320 523 3360 eis
555 3332 636 3361 om.
669 3320 721 3360 K
812 3320 866 3360 22
897 3319 1016 3361 iudei
1054 3320 1226 3368 TFIK,
1260 3319 1399 3361 iudeis
1435 3317 1607 3359 CBMS
1694 3317 1781 3371 qui]
1817 3317 1916 3370 quia
1951 3315 2074 3357 GBS
