2470 3718
290 212 415 264 XVI
943 225 1550 281 ProlegomenaIss.

365 388 495 440 Cum
535 389 638 439 ista
678 388 927 440 relatione
975 390 1287 456 Hieronymi
1334 389 1503 456 ipsius
1548 388 1821 455 Hippolyti
1862 390 2022 440 uerba
2062 405 2202 441 conr-

289 477 457 543 parari
504 479 746 543 possunt,
795 492 926 542 quae
982 493 1117 527 nunc
1168 481 1220 528 et
1271 492 1453 544 graece
1502 480 1706 528 exstant
1760 480 1812 528 et
1857 477 1908 527 in
1962 477 2199 545 linguam

291 565 587 631 georgicam
638 581 694 615 ex
743 565 1035 616 armeniaca
1081 566 1336 616 translata
1385 565 1471 631 (cf.
1497 569 1784 637 Hippolyte
1824 568 2031 636 Schrift
2080 571 2205 620 tiber

290 656 372 707 die
405 656 713 725 Seqnmzyen
744 657 944 708 Jalcobs
978 675 1072 708 von
1110 657 1164 709 C.
1191 657 1556 708 Diobouniotis
1595 657 1707 707 und
1746 657 1811 708 N.
1853 658 1993 723 Bei's,
2040 655 2197 716 1911,

288 757 336 805 p.
371 742 435 792 14
465 758 576 807 sqq.
607 745 657 793 et
682 746 815 797 Drei
846 745 1124 814 Georqiscli
1149 747 1410 797 erhaltene
1437 745 1708 811 Schriften
1736 763 1829 796 von
1855 746 2196 814 Hippolytus,

288 833 528 901 herausq.
561 851 656 884 von
696 834 758 885 G.
793 834 953 885 Nam.
989 834 1308 885 Bonwetsch.
1341 832 1497 885 1904.
1526 847 1575 895 p.
1597 832 1627 881 5
1657 846 1790 896 sqq,
1816 851 1887 875 τ-
1914 834 2203 886 Hccrnacks

292 921 446 972 Teoete
487 923 597 973 und
645 922 867 987 Unters„
913 920 1016 970 uol.
1046 920 1132 981 38,
1169 921 1193 969 1
1257 923 1307 969 et
1360 919 1446 978 26,
1480 916 1596 987 la).
1658 918 1966 985 Hieronymi
2022 926 2197 970 autem

287 1007 469 1058 relatio
512 1007 878 1073 propinquiore
926 1022 1086 1074 paene
1135 1007 1443 1074 cognatione
1494 1007 1770 1058 coniuncta
1818 1022 1932 1058 esse
1988 1007 2203 1058 uidetur

289 1110 408 1145 cum
459 1095 714 1147 Victorini
766 1098 818 1145 et
870 1098 982 1146 tota
1021 1096 1222 1146 ratione
1263 1095 1638 1161 interpretandi
1681 1098 1732 1146 et
1773 1095 1998 1161 singulis
2048 1095 2200 1156 locis,

289 1199 440 1248 quarn
485 1199 601 1233 curn
644 1183 918 1250 Hippolyti
962 1184 1218 1250 expressis
1261 1183 1455 1247 uerbiS,
1515 1200 1672 1249 quare
1728 1200 1827 1235 non
1883 1184 2036 1235 licuit
2085 1199 2198 1234 eam

288 1270 383 1322 hoc
425 1272 540 1323 loco
582 1273 1014 1338 praetermittere.

363 1417 420 1488 2)
476 1421 840 1472 Victorini
897 1421 1464 1473 commentarius
1523 1421 1586 1470 in
1645 1421 1971 1472 Exodum.

359 1539 533 1589 Huius
589 1540 948 1590 commentarii
1012 1539 1216 1589 nullum
1272 1538 1562 1606 uestigium
1622 1538 2039 1604 deprehenditur,
2096 1537 2196 1588 nisi

288 1626 418 1678 forte
461 1628 522 1677 ad
563 1627 650 1678 Ex.
681 1629 766 1682 34.
801 1628 869 1678 33
921 1628 1169 1687 conferrm,
1214 1643 1346 1692 quae
1388 1644 1434 1694 p.
1464 1628 1548 1688 62,
1592 1628 1658 1678 14
1687 1642 1799 1692 sqq.
1853 1629 2197 1693 exponuntur.

361 1775 414 1838 3)
475 1773 842 1825 Victorini
900 1774 1463 1826 commentarius
1518 1775 1583 1825 in
1640 1774 2067 1826 Leuiticum.

359 1894 419 1946 A.
464 1892 569 1944 Mai
601 1894 651 1944 in
695 1897 967 1966 Spicileyii
1007 1898 1239 1948 Romani
1281 1896 1424 1945 tomo
1461 1893 1523 1955 V,
1562 1894 1587 1943 1
1633 1891 1852 1962 (Romae
1891 1893 2049 1957 1841)
2084 1892 2191 1942 bre-

283 1982 507 2033 uiarium
572 1982 811 2034 codicum
875 1982 1178 2033 monasterii
1246 1981 1294 2034 S.
1338 1981 1546 2032 Nazarii
1607 1981 2072 2032 Laureshamensis
2138 1996 2195 2031 ex

284 2074 590 2136 peruetusto
640 2071 816 2121 codice
865 2069 1151 2140 (saecXI)
1199 2070 1550 2122 bibliothecae
1599 2070 1870 2121 Palatinae
1914 2069 2198 2120 Vaticanae

286 2157 390 2226 (no.
430 2160 594 2225 1877)
646 2159 695 2209 in
736 2159 908 2209 lucem
949 2159 1172 2224 protulit
1212 2163 1284 2224 (p.
1323 2157 1668 2226 ici—200).
1725 2158 1796 2208 ibi
1853 2158 2090 2209 exstabat
2144 2158 2195 2208 iu

285 2247 472 2298 scrinio
508 2247 644 2297 XLV
681 2248 711 2298 3
746 2252 904 2302 Liber
944 2251 1204 2302 Victorini
1235 2253 1292 2302 in
1334 2253 1604 2302 leuiticmn
1637 2246 1708 2314 (p.
1739 2244 1884 2314 189).
1960 2246 2012 2297 in
2052 2262 2192 2312 prae-

283 2336 478 2388 fatione
530 2339 704 2387 autem
755 2340 820 2401 (p.
847 2333 1052 2402 XVIII)
1101 2335 1271 2387 editor
1317 2336 1541 2387 alterum
1592 2335 1826 2386 codicem
1875 2335 2020 2385 addit
2067 2335 2197 2385 haec

285 2426 540 2477 scribens:
581 2429 758 2479 XLV.
785 2430 836 2478 3.
862 2433 908 2479 et
946 2430 1002 2480 in
1044 2447 1178 2480 arm.
1207 2427 1261 2480 S.
1287 2427 1436 2479 Petri
1476 2428 1550 2479 II.
1580 2429 1628 2479 5.
1663 2428 1925 2479 Victorini
1968 2427 2097 2495 liber
2134 2428 2192 2477 in

282 2519 563 2568 leuiticzmi.
616 2513 947 2580 perlustratis
990 2529 1110 2581 ergo
1153 2513 1443 2574 codicibUS,
1487 2513 1575 2578 qui
1615 2512 1666 2563 in
1710 2512 1928 2562 armario
1972 2510 2023 2563 S.
2049 2511 2198 2563 Petri

283 2602 420 2667 apud
470 2602 740 2654 Corbeiam
795 2603 986 2669 reperti
1042 2606 1182 2665 sunt,
1229 2602 1310 2653 his
1368 2602 1599 2653 numeris
1640 2601 1762 2654 II.5
1815 2601 2079 2668 signatum
2119 2600 2190 2650 in-

284 2692 524 2743 uenimus
574 2691 821 2755 codicem,
886 2691 972 2757 qui
1017 2691 1343 2743 inscribitur:
1429 2695 1703 2762 Eoepositio
1749 2693 2002 2761 Hesychii
2044 2709 2192 2759 pres-

283 2785 446 2851 byteri
501 2801 656 2852 super
709 2785 975 2835 leuiticmn
1036 2779 1111 2850 (p.
1148 2777 1295 2848 203),
1360 2779 1496 2830 unde
1567 2778 1931 2830 concludimus
1986 2776 2188 2827 Maium

285 2869 539 2920 Victorini
565 2869 994 2919 commentarium
1022 2872 1072 2920 et
1104 2867 1593 2934 Pseudo-Hesychii
1621 2865 1996 2931 expositionem
2029 2864 2194 2916 latine-

283 2957 532 3023 scriptam
580 2957 797 3024 (Migne,
846 2960 1019 3023 patres
1068 2956 1258 3024 graeci,
1308 2955 1638 3006 LXXXXIII
1693 2950 2048 3022 787-1180)
2097 2968 2194 3019 pro

285 3045 465 3097 eodem
500 3062 651 3112 opere
686 3045 947 3109 habuisse,
988 3045 1074 3096 cui
1105 3045 1298 3096 iudicio
1334 3043 1585 3096 adsentiri
1626 3060 1723 3096 non
1757 3057 2060 3109 possumus,
2100 3041 2193 3093 sed

283 3149 466 3200 operae
506 3134 734 3200 pretium
782 3150 897 3185 esse
946 3133 1158 3185 uidetur
1205 3134 1304 3185 hoc
1349 3132 1643 3199 uestigium
1689 3130 1934 3198 indagare
1982 3133 2034 3181 et
2073 3132 2195 3180 ante

284 3223 455 3273 omnia
502 3223 815 3289 perquirere,
862 3238 986 3272 num
1037 3222 1196 3273 codex
1243 3221 1333 3272 ille
1382 3221 1506 3272 olim
1546 3218 2013 3271 Laureshamensis
2053 3233 2191 3269 nunc

284 3311 478 3377 Romae
523 3311 657 3361 inter
712 3310 917 3362 codices
972 3310 1241 3361 Palatinos
1296 3309 1489 3360 latinos
1547 3310 1713 3360 exstet
1767 3310 1820 3358 et
1875 3323 1975 3374 quo
2032 3305 2192 3357 codex

285 3398 609 3451 Corbeiensis
650 3399 935 3450 translatus
977 3399 1061 3450 sit.
1103 3399 1202 3449 hoc
1233 3398 1347 3450 loco
1383 3396 1511 3448 satis
1546 3397 1618 3449 sit
1657 3396 2018 3463 quaestionem
2050 3393 2191 3444 haud

282 3488 432 3553 parui
472 3488 722 3539 momenti
762 3487 1120 3554 proposuisse.
