2470 3718
68 550 137 601 10

142 1168 182 1200 10

787 223 845 265 de
879 223 1083 264 fabrica
1113 222 1293 264 mundi
1324 224 1478 266 8—10.
2023 229 2053 277 9

210 387 261 434 et
293 383 485 447 mutos>
519 379 806 444 eloquentia
836 378 1078 439 instituit,
1112 378 1228 428 uide
1256 393 1372 428 eum
1406 378 1666 429 dominum
1703 395 1755 430 se
1788 395 1900 430 esse
1935 397 2058 430 nun-

211 470 336 519 tiare
378 468 466 517 eis.

281 554 357 603 De
418 551 723 602 duodenario
794 564 1001 598 numero
1072 548 1194 610 dieS‚
1266 550 1326 597 ut
1388 564 1539 613 supra
1600 550 1900 610 memoraui‚
1970 566 2059 614 per

212 638 467 689 duodenas
516 637 662 686 horas
709 634 888 684 bifarie
937 634 1134 683 diuisus
1177 635 1276 683 est:
1331 633 1462 683 lueis
1504 637 1553 683 et
1596 635 1780 684 noetis.
1835 650 1924 699 pei·
1964 635 2056 685 has

211 739 426 787 namque
479 723 627 772 horas
682 734 880 769 menses
937 722 985 769 et
1041 718 1155 768 anni
1210 720 1260 767 et
1313 720 1543 782 tempora
1591 721 1641 768 et
1690 720 1893 769 saeoula
1942 736 2055 770 con-

210 811 464 874 putantur.
526 805 794 856 constituti
848 806 968 854 sunt
1019 803 1190 867 itaque
1254 802 1360 851 sine
1417 802 1675 852 dubietate
1737 804 1836 852 diei
1895 805 2062 869 angeli

212 895 496 955 duodecim,
537 893 699 943 nostis
754 890 922 956 angeli
976 889 1263 949 duodecim,
1318 904 1406 952 pro
1463 904 1670 939 numero
1723 890 1922 939 seilicet
1975 890 2060 938 ho-

211 996 393 1030 rarum.
446 979 497 1028 hi
546 979 663 1027 sunt
707 991 924 1041 namque
972 975 1170 1024 XXIIII
1216 976 1376 1025 testes
1442 973 1637 1023 dierum
1703 975 1756 1023 et
1814 974 2059 1035 nostium,

214 1066 300 1129 qui
340 1065 517 1115 sedent
555 1066 668 1113 ante
707 1063 947 1112 thronum
989 1061 1083 1122 dei,
1126 1075 1334 1111 coronas
1370 1075 1547 1109 aureas
1581 1059 1629 1108 in
1668 1059 1918 1123 capitibus
1954 1059 2060 1109 suis

214 1150 474 1209 habentes,
502 1163 627 1212 quos
658 1144 744 1215 [in]
772 1145 1092 1211 apocalypsis
1118 1144 1356 1194 Iohannis
1385 1144 1604 1209 apostoli
1634 1146 1684 1194 et
1717 1145 2064 1209 euangelistae

215 1235 486 1285 seniores
542 1236 706 1291 uocat,
763 1232 969 1293 idcirco,
1025 1231 1141 1295 quia
1188 1231 1411 1281 seniores
1460 1232 1580 1280 sunt
1621 1233 1670 1280 et
1711 1230 1823 1279 aliis
1864 1230 2061 1297 angelis

217 1325 268 1370 et
306 1320 617 1370 hominibus,

362 1488 385 1528 9
419 1487 470 1529 cf.
503 1486 637 1541 Apoc.
669 1487 709 1538 4,
743 1488 769 1527 4

277 1590 296 1630 1
333 1589 582 1642 eloquentia
612 1587 653 1628 L
742 1587 843 1628 uide
877 1600 972 1628 eum
1002 1585 1173 1638 scripsi,
1206 1583 1345 1626 uid&e
1370 1583 1411 1624 L
1498 1582 1698 1623 nuntiare
1735 1595 1772 1634 r,
1804 1580 1998 1622 nuntiari
2025 1580 2066 1621 L

218 1661 243 1700 2
273 1660 348 1701 eis.
380 1660 446 1701 De
477 1659 648 1712 scripsi,
679 1657 827 1700 eiusde
861 1658 902 1698 L
1013 1656 1036 1696 3
1069 1657 1141 1698 uis
1173 1655 1525 1710 praepositionis
1565 1654 1616 1695 de
1657 1656 1717 1694 esi
1758 1652 1873 1707 quod
1905 1653 2067 1693 attinet

217 1731 272 1773 ad
389 1731 479 1773 dies
511 1731 623 1774 coni.
655 1743 690 1784 r,
724 1730 863 1771 dicere
897 1730 938 1771 L
1039 1730 1067 1770 4
1099 1728 1280 1769 bifariae
1313 1726 1350 1767 L
1439 1727 1464 1767 6
1498 1724 1739 1767 constituta
1770 1724 1811 1764 L
1913 1722 2065 1764 dubie-

215 1806 308 1845 tate
339 1803 511 1856 scripsi,
543 1801 673 1843 dubio
705 1803 806 1844 aute
838 1801 878 1841 L
997 1800 1050 1841 10
1081 1800 1125 1841 in
1157 1798 1238 1840 dez.
1270 1812 1308 1839 w
1428 1798 1480 1838 12
1512 1786 1699 1838 ΕΧΡῈΤ
1732 1793 2066 1836 TRACTATVS

213 1873 623 1929 VICTORINIlDE
655 1871 908 1914 FABRICA
932 1859 1454 1926 MVND1311NCffDE
1482 1867 1714 1910 SEPTEM
1739 1867 1815 1908 EX
1835 1866 1838 1921 Ι
1860 1865 2068 1908 PECTA-

218 1945 366 1988 CVLA
395 1944 591 1986 MVNDI
611 1943 613 1997 Ι
636 1944 837 1998 Plerique
869 1943 1228 1998 philosophorum
1262 1941 1361 1982 dum
1394 1940 1550 1981 studiis
1583 1939 1871 1993 litii-eratum
1910 1941 2068 1978 uacant

215 2022 291 2059 etc.
323 2017 364 2057 L
