2470 3718
286 240 466 291 XVIII
926 250 1396 305 Prolegomena
1441 249 1535 291 13.

286 401 568 473 (ibid.187
611 399 698 470 D),
749 399 811 451 de
859 414 1014 451 aurea
1058 399 1346 451 Ierusalem
1397 400 1555 463 atque
1604 400 1866 465 gemmata
1913 397 2103 461 (290A
2144 401 2196 449 et

289 493 392 543 377
419 491 500 558 A),
556 490 617 542 de
658 488 1108 542 consummatione
1147 486 1332 539 mundi
1371 485 1498 556 (351
1531 483 1616 555 D),
1676 487 1737 537 de
1786 490 2038 554 perpetuo
2080 487 2192 538 sab-

287 581 409 631 bato
453 580 581 645 (522
626 577 689 639 C;
733 577 794 629 cf.
819 576 952 628 infra
976 593 1026 642 p.
1051 577 1100 641 6,
1142 573 1224 645 81)
1258 606 1327 613 -—
1362 590 1482 627 cum
1523 575 1744 626 aliorum
1785 577 1900 626 tum
1939 574 2196 626 Victorini

286 668 572 721 sententias
604 667 657 718 in
691 664 1063 719 commentario
1096 664 1147 715 in
1180 664 1390 716 Esaiam
1433 663 1695 729 expositas
1730 662 1994 730 designari
2025 664 2195 729 suspi-

289 773 484 810 camur.

363 903 416 973 5)
458 902 827 956 Victorini
883 900 1448 954 commentarius
1504 900 1572 951 in
1625 898 1988 951 Ezechiel.

359 1022 532 1074 Etiam
571 1022 624 1073 in
672 1019 1062 1073 commentariis
1109 1018 1161 1070 in
1202 1018 1530 1070 Ezechielem
1578 1021 1630 1069 et
1667 1018 1720 1068 in
1762 1017 2035 1069 Danielem
2073 1017 2196 1067 Hie-

284 1127 561 1180 ronymum
610 1126 764 1177 saepe
819 1108 1076 1160 Victorini
1131 1107 1482 1173 expositiones
1537 1106 1829 1173 respexisse
1883 1106 1989 1156 iam
2039 1121 2198 1171 supra

285 1217 335 1267 p.
362 1199 489 1251 VIII
527 1198 759 1249 uidimus
802 1200 854 1249 et
891 1196 1075 1248 multis
1117 1196 1234 1247 aliis
1276 1195 1528 1262 exemplis
1568 1194 1777 1261 probari
1814 1196 2007 1260 potest.
2059 1193 2197 1260 quod

287 1289 425 1340 enim
471 1288 520 1338 in
571 1285 807 1339 Danielis
856 1301 966 1351 cap.
995 1285 1082 1347 11,
1132 1285 1200 1335 29
1251 1286 1303 1334 et
1350 1284 1420 1334 30
1470 1282 1898 1350 interpretatione
1945 1273 2196 1349 legimus:

285 1382 440 1432 multi
466 1384 764 1432 nostrorum
779 1382 978 1446 putant
995 1378 1053 1428 ob
1071 1377 1324 1428 saeuitiae
1340 1380 1387 1427 et
1405 1375 1760 1444 turpitudinis
1775 1375 2197 1444 maynitudinem

284 1469 582 1521 Domitium
613 1468 871 1519 Neronem
901 1465 1295 1517 Antichristum
1323 1464 1454 1531 fore
1493 1459 1664 1530 (XXV
1699 1461 1806 1512 568
1838 1456 1937 1528 Μ),
1977 1460 2194 1511 dubium

284 1570 385 1606 non
440 1555 533 1617 est,
596 1551 719 1618 quin
782 1550 1060 1618 praecipue
1124 1550 1187 1600 ad
1244 1549 1503 1601 Victorini
1564 1549 1879 1600 sententiam
1941 1548 2200 1614 pertineat

284 1643 530 1713 (efiinfra
553 1659 602 1709 p.
627 1643 749 1704 120,
792 1641 822 1691 8
865 1638 1017 1707 sqq).
1070 1655 1128 1690 ex
1167 1638 1298 1689 locis
1343 1638 1481 1689 enim
1520 1637 1816 1689 Ezechielis
1850 1637 1903 1688 in
1938 1652 2198 1689 commen-

284 1732 415 1783 tario
455 1731 509 1782 in
551 1728 909 1798 apocalypsim
956 1726 1185 1779 laudatis
1227 1726 1312 1793 (cf.
1341 1744 1388 1793 p.
1417 1727 1539 1790 122,
1575 1728 1606 1777 2
1643 1728 1696 1777 et
1725 1726 1954 1777 indicem
1987 1742 2038 1791 p.
2069 1725 2196 1794 156)

283 1823 428 1873 totus
469 1818 808 1885 expositionis
848 1816 1036 1868 modus
1078 1818 1236 1882 atque
1275 1815 1394 1867 finis
1437 1814 1679 1866 concludi
1717 1816 1909 1882 potest.

361 1981 418 2052 6)
460 1981 833 2033 Victorini
875 1977 1439 2031 commentarius
1480 1978 1548 2029 in
1587 1977 1890 2030 Abacuc,

355 2100 530 2152 Huius
571 2097 933 2151 commentarii
970 2096 1217 2164 quoniam
1256 2112 1319 2147 ne
1366 2095 1635 2147 tantillum
1676 2095 1890 2161 quidem
1928 2097 2072 2147 recta
2109 2096 2200 2146 uia

284 2190 347 2241 ad
379 2205 473 2240 nos
499 2187 752 2255 peruenit,
779 2186 1062 2253 quaeritur,
1089 2201 1214 2236 num
1246 2184 1499 2250 reliquiae
1527 2184 1780 2250 quaedam
1808 2199 1868 2235 ex
1893 2184 2199 2251 Hieronymi

284 2277 673 2330 commentariis
712 2277 764 2327 in
798 2259 1011 2328 Abacuc
1052 2274 1288 2341 depromi
1319 2273 1542 2340 possint.
1586 2275 1741 2339 atque
1781 2273 1911 2324 haec
1943 2289 2063 2339 spes
2102 2288 2196 2324 nos

282 2383 381 2418 non
421 2366 571 2418 fallit.
611 2382 727 2416 nam
774 2364 986 2431 saepius
1020 2363 1489 2415 animaduertimus
1531 2363 1913 2428 Hieronymum
1949 2378 2045 2413 sua
2084 2378 2198 2413 sen-

280 2456 447 2507 tentia
485 2454 742 2522 explicata
780 2453 997 2505 alterius
1039 2467 1246 2518 quoque
1281 2451 1620 2518 expositionis
1653 2450 1971 2502 mentionem
2011 2450 2197 2514 facere,

285 2559 416 2609 quae
448 2543 706 2595 Victorini
738 2544 966 2593 mentem
1000 2540 1195 2607 spirare
1228 2540 1455 2592 uidetur.
1498 2540 1720 2606 exempli
1755 2555 1915 2591 causa
1941 2555 2048 2605 cap.
2083 2541 2132 2601 2,
2165 2540 2194 2590 5

279 2632 708 2699 interpretatione
750 2629 1011 2697 spirituali
1045 2629 1316 2696 proposita
1354 2628 1705 2695 Hieronymus
1738 2628 1912 2695 pergit
1945 2628 2196 2679 scribere:

283 2725 458 2777 Potest
496 2730 669 2776 autem
709 2724 799 2774 hoc
836 2725 1015 2791 ipsum
1054 2727 1100 2773 et
1140 2723 1201 2773 de
1240 2721 1569 2773 Antichristo
1605 2722 1966 2789 interpretari,
2008 2721 2100 2789 qni
2137 2722 2197 2770 in

284 2819 491 2865 tantum
521 2815 621 2864 erit
653 2829 910 2881 arroyans
950 2816 996 2862 et
1035 2811 1380 2879 superbus,
1426 2811 1574 2860 utin
1606 2811 1794 2877 templo
1835 2810 1919 2860 dei
1957 2825 2198 2860 sessurus

284 2904 368 2968 sit,
389 2902 607 2969 faciens
648 2919 698 2952 36
737 2902 891 2952 deum
922 2897 996 2963 (H
1030 2896 1212 2946 Thess,
1242 2897 1291 2957 2,
1327 2892 1399 2964 4).
1439 2902 1487 2949 et
1526 2899 1726 2966 quasi
1768 2897 2097 2964 infernus
2142 2902 2199 2948 et

283 3010 335 3042 ni
354 3009 468 3042 ors
508 2995 681 3042 tantos
710 2990 988 3055 interficiet
1020 2993 1067 3039 et
1099 2989 1171 3039 ad
1202 3005 1254 3039 36
1286 2987 1628 3055 congrmqaffit,
1669 2990 1744 3052 ut,
1779 2987 1827 3036 si
1846 2986 1978 3052 fleri
2008 2987 2194 3053 possit,

284 3080 510 3147 decipiat
534 3080 693 3130 etiam
718 3080 896 3130 eleetos
915 3078 997 3128 dei
1014 3071 1444 3142 (Matth.24,24).
1470 3075 1875 3144 conyreqabit
1901 3092 2096 3143 quoque
2119 3075 2198 3126 ad

283 3186 343 3220 36
382 3185 588 3220 omnes
623 3171 836 3237 qentes
877 3171 924 3218 et
955 3168 1232 3217 uniuersos
1255 3166 1481 3233 populos
1511 3166 1568 3215 in
1602 3181 1756 3215 suuni
1788 3164 1938 3215 ducet
1969 3180 2198 3214 errorem

284 3251 371 3321 (cf.
396 3253 530 3303 infra
547 3269 596 3318 p.
623 3253 745 3314 110,
768 3249 838 3320 1).
868 3256 958 3323 qui
984 3272 1100 3306 cum-
1116 3259 1299 3322 postea
1322 3253 1663 3319 interfectum
1686 3253 1842 3304 illum
1866 3253 2063 3320 spiritu
2088 3254 2197 3303 oris

288 3344 489 3396 Christi
530 3339 603 3408 (Il
635 3341 822 3392 Thess,
849 3342 899 3401 2,
936 3340 992 3401 83
1036 3339 1101 3390 cf.
1128 3357 1176 3406 p.
1207 3340 1292 3401 24,
1326 3336 1419 3406 15)
1451 3343 1702 3407 uiderint,
1735 3342 2037 3409 intelleqent
2066 3357 2194 3391 uera

285 3450 407 3500 esse,
451 3450 582 3501 quae
621 3433 683 3483 de
721 3449 775 3483 6ο
814 3436 935 3483 ante
966 3431 1247 3499 praedicta
1280 3435 1402 3482 sunt
1440 3425 1611 3496 (XXV
1641 3425 1783 3475 1294
1809 3425 1904 3490 Μ).
1955 3424 2200 3475 similiter

285 3518 349 3568 ad
383 3533 491 3584 cap.
521 3518 570 3579 2,
608 3517 823 3567 15—17
859 3515 1214 3583 Hieronymus
1248 3515 1476 3581 primum
1509 3516 1680 3565 notat:
1716 3517 1831 3568 Hoc
1854 3517 1948 3568 sub
1966 3533 2198 3583 persona
