2470 3718
53 1008 88 1058 3
125 1014 192 1068 10,
231 1014 282 1056 10

126 1368 192 1419 10,
230 1369 277 1410 11

319 149 387 198 92
913 144 1104 186 Editio
1139 144 1415 187 Victorini
1448 143 1487 185 X
1519 144 1648 186 2-3,

316 306 562 357 111111101·
628 321 826 356 orans
884 309 997 356 aut
1051 306 1466 372 prophetans
1522 322 1642 357 non
1699 308 1928 359 uelato
1997 307 2220 375 capite

318 394 639 459 deturpat
673 395 874 458 caput
908 409 1111 445 suum.
1146 409 1264 445 011111
1293 397 1467 445 autem
1496 393 1658 445 dicat:
1692 395 2061 461 prophetae
2096 396 2218 447 duo

316 482 425 533 uel
458 485 595 533 tres
632 482 879 542 dicant,
916 483 1129 533 ceteri
1164 483 1547 543 aestiment,
1581 498 1680 535 non
1716 484 1777 534 de
1811 484 2070 536 catholica
2106 500 2219 552 pro-

315 571 495 636 phetia
543 570 670 621 dicit
714 570 952 622 inaudita
1001 572 1052 621 01
1098 570 1382 639 incognita,
1427 570 1521 621 sed
1560 571 1661 621 iam
1704 573 2024 637 praedicata3
2067 572 2221 624 aesti-

316 660 461 709 ment
508 661 700 719 autem,
744 660 987 709 utrumne
1035 658 1396 724 interpretatio
1447 674 1565 709 cum
1606 659 1924 710 testimoniis
1966 664 2222 728 congruat
2275 676 2296 708 5

317 746 561 798 dictionis
618 746 970 813 propheticae,
1030 750 1238 799 constat
1294 763 1414 814 ergo
1471 748 1570 799 hoc
1627 748 1844 798 Iohanni
1900 764 1999 799 non
2052 749 2220 800 ¹fuisse

316 836 671 887 necessarium
720 835 977 901 superiori
1019 836 1218 886 uirtute
1261 838 1475 898 armato,
1520 852 1637 887 011111
1682 852 1869 902 corpus
1913 836 2109 888 Christi
2151 837 2222 888 sit

317 924 540 975 ecclesia
580 924 690 975 suis
732 923 981 975 membris
1024 927 1262 975 ornatum
1304 927 1356 975 et
1390 941 1483 976 suo
1518 926 1632 976 loco
1667 925 1982 991 respondere
2018 925 2219 977 debeat.

388 1011 718 1078 Accipere
762 1014 937 1062 autem
977 1010 1292 1063 libellum
1346 1016 1408 1064 et
1461 1013 1806 1064 comedere
1857 1029 1997 1064 eum
2049 1017 2220 1065 osten-

316 1100 516 1150 sionem
559 1099 909 1166 significatam
950 1101 1229 1152 memoriae
1273 1104 1353 1152 est
1400 1102 1662 1153 mandare.
1712 1101 1905 1152 dulce
1956 1118 2107 1154 esse
2158 1102 2217 1152 in
2252 1119 2294 1153 10

317 1203 419 1238 ore
473 1187 878 1252 praedicationis
941 1191 1021 1239 est
1076 1189 1284 1239 fructus
1334 1190 1571 1255 loquenti
1621 1192 1672 1240 et
1720 1190 2056 1242 audientibus
2109 1190 2221 1241 dul-

317 1275 581 1338 cissimus,
625 1275 716 1326 sed
756 1276 1078 1341 praedicanti
1127 1279 1179 1327 et
1226 1277 1683 1343 perseuerantibus
1732 1278 1783 1328 in
1833 1278 2091 1330 mandatis
2131 1295 2224 1346 per

314 1364 586 1430 passiones
615 1363 990 1415 amarissimus.
1018 1380 1091 1430 op
1110 1368 1301 1429 01101,
1329 1365 1516 1431 inquit,
1543 1365 1787 1416 iterum
1815 1366 2222 1432 praedicare,

314 1453 368 1503 id
410 1455 490 1503 est
528 1453 855 1518 prophetare,
906 1453 965 1503 in
1015 1453 1309 1519 populis,
1360 1453 1621 1521 linguis
1679 1457 1741 1505 et
1794 1455 2220 1507 nationibus:

315 1542 414 1592 hoc
462 1543 557 1602 081,
607 1541 869 1605 quoniam,
913 1541 1115 1606 quando
1165 1542 1263 1592 hoc
1310 1541 1447 1592 uidit
1485 1542 1756 1605 IohanneS‚
1809 1545 1920 1594 erat
1957 1543 2007 1593 in
2047 1543 2223 1595 insula
2254 1561 2297 1594 15

316 1629 585 1689 Pathmos,
627 1629 678 1679 111
720 1630 933 1680 metallo
976 1629 1252 1680 damnatus
1295 1646 1322 1679 a
1364 1628 1581 1681 Caesare
1622 1630 1942 1681 Domitiano.
1984 1631 2057 1681 ibi
2099 1646 2220 1699 ergo

315 1717 529 1767 uidetur
567 1717 822 1767 Iohannes
871 1717 1227 1783 apocalypsim
1271 1715 1382 1786 [fol.
1429 1716 1531 1786 14¹]
1577 1719 1954 1785 conscripsisse
2004 1722 2055 1770 01
2102 1735 2220 1770 011111

314 1806 419 1854 iam
470 1804 726 1856 seniorem
777 1820 830 1855 se
871 1808 1112 1871 putasset
1152 1808 1274 1871 post
1312 1806 1609 1872 passionem
1649 1807 1811 1873 recipi
1851 1823 2024 1872 posse,
2066 1808 2221 1859 inter-

317 1894 453 1944 fecto
496 1893 796 1944 Domitiano
849 1894 1020 1944 omnia
1067 1894 1263 1945 iudicia
1313 1895 1425 1946 eius
1477 1897 1650 1947 soluta
1701 1897 1824 1946 sunt
1873 1899 1924 1945 et
1965 1896 2220 1948 Iohannes

463 2067 487 2107 2
521 2066 541 2106 Ι
576 2065 673 2108 Cor.
715 2067 782 2116 14,
815 2066 870 2108 29
974 2066 1026 2108 18
1053 2066 1292 2110 interfecto
1327 2067 1609 2122 Domitiano]
1645 2070 1700 2122 cf.
1739 2067 2008 2125 Hieronymi
2040 2069 2217 2112 chroni-

316 2153 399 2181 con
433 2140 496 2181 ad
529 2154 703 2181 annum
736 2141 851 2187 2113
884 2140 1096 2194 (Eusebii
1127 2141 1277 2184 chron.
1314 2141 1379 2183 ed.
1413 2140 1614 2184 Schocne
1644 2142 1708 2183 II
1741 2143 1865 2198 163):
1910 2143 2101 2185 Senatus
2143 2142 2218 2184 de-

317 2214 473 2263 creuit,
505 2216 555 2255 ut
587 2214 735 2256 omnia
769 2227 882 2268 quae
915 2214 1206 2257 Domicianus
1239 2217 1464 2258 statuerat
1495 2215 1542 2256 in
1584 2215 1761 2258 irritum
1802 2215 2217 2258 deducerentur...

316 2287 456 2328 Aiunt
473 2289 517 2328 et
537 2287 788 2342 apostolum
808 2287 1057 2330 Iohannem
1073 2286 1157 2330 hoc
1173 2291 1375 2344 tempore
1396 2288 1526 2331 exilio
1547 2289 1744 2331 solutum
1761 2289 1946 2332 Efesum
1965 2291 2216 2342 secessisse,

314 2360 359 2401 in
397 2373 483 2415 qua
513 2361 622 2404 urbe
657 2363 701 2402 et
732 2361 1024 2416 hospitiolum
1060 2362 1104 2403 et
1138 2362 1303 2405 amicos
1336 2363 1667 2405 amantissimos
1700 2364 1768 2406 sui
1799 2363 1998 2409 habebat

375 2465 401 2504 2
435 2463 646 2519 deturpat
676 2465 852 2519 scripsi,
887 2464 1017 2508 detur
1049 2469 1208 2521 pereat
1239 2466 1283 2507 A
1376 2468 1401 2508 5
1436 2468 1606 2521 autem]
1639 2469 1718 2509 aut
1750 2467 1794 2508 A
1885 2467 1911 2508 6
1946 2467 2082 2511 dictio
2116 2483 2215 2524 pro-

315 2537 450 2579 fetica
481 2539 525 2579 A
648 2539 670 2579 7
707 2541 899 2580 armatos
933 2540 975 2580 A
1098 2540 1123 2581 8
1158 2540 1347 2582 ecelesia
1378 2540 1569 2583 subiecti
1601 2540 1747 2584 locum
1781 2547 1898 2584 tenet
2005 2543 2031 2585 9
2064 2544 2215 2585 osten-

314 2610 486 2652 sionem
522 2632 576 2646 :
611 2612 774 2668 δεῖγμα,
809 2611 1102 2667 Schaustiiek⁷
1137 2614 1194 2667 cf.
1237 2613 1323 2655 erit
1360 2613 1407 2655 in
1441 2614 1743 2656 ostensionem
1784 2614 1901 2657 sicut
1933 2615 2214 2657 terebinthus

312 2685 444 2727 Esai.
485 2688 526 2738 6,
560 2688 616 2726 13
649 2685 821 2741 (Vulq.)
901 2686 954 2728 10
986 2687 1199 2728 memoria
1230 2687 1274 2728 A
1369 2688 1420 2729 13
1455 2687 1753 2730 amarissimas
1785 2688 1830 2729 A
1923 2688 1975 2730 16
2000 2688 2214 2731 Pathmos

310 2758 487 2812 scripsi,
520 2758 691 2801 Partha
723 2761 780 2812 A,
815 2773 931 2814 qnae
965 2759 1094 2802 lectio
1128 2761 1326 2814 quodam
1357 2761 1488 2803 modo
1523 2762 1757 2804 cohaerere
1795 2762 1979 2804 uidetur
2011 2775 2110 2804 cum
2140 2762 2213 2804 in-

310 2832 557 2886 scriptione
589 2832 891 2886 epistularum
915 2833 1170 2876 Iohannis:
1200 2835 1256 2876 ad
1281 2834 1473 2876 Parthos
1500 2835 1574 2889 (cf.
1608 2834 1690 2876 Th.
1718 2835 1866 2886 Zahn,
1891 2834 1939 2876 F
1938 2835 2215 2891 orschunyen

308 2918 393 2946 eur
429 2904 689 2947 Geschviehte
722 2905 798 2947 des
829 2911 1014 2949 nemesi.
1051 2907 1252 2950 Kanons
1282 2908 1376 2949 ῙΙΙ
1410 2910 1514 2961 100)
1637 2909 1818 2950 11101οΙ10
1853 2911 1895 2950 A
