<?xml version="1.0" encoding="UTF-8"?>
<!DOCTYPE html PUBLIC "-//W3C//DTD XHTML 1.0 Transitional//EN"
    "http://www.w3.org/TR/xhtml1/DTD/xhtml1-transitional.dtd">
<html xmlns="http://www.w3.org/1999/xhtml" xml:lang="en" lang="en">
 <head>
  <title>
</title>
<meta http-equiv="Content-Type" content="text/html;charset=utf-8" />
  <meta name='ocr-system' content='tesseract 3.04.00' />
  <meta name='ocr-capabilities' content='ocr_page ocr_carea ocr_par ocr_line ocrx_word'/>
</head>
<body>
  <div class='ocr_page' id='page_1' title='image "./victoriniepiscop49victuoft_0012.png"; bbox 0 0 2470 3718; ppageno 0'>
   <div class='ocr_carea' id='block_1_1' title="bbox 303 215 1565 284">
    <p class='ocr_par' dir='ltr' id='par_1_1' title="bbox 303 215 1565 284">
     <span class='ocr_line' id='line_1_1' title="bbox 303 215 1565 284; baseline 0.006 -20"><span class='ocrx_word' id='word_1_1' title='bbox 303 215 429 265; x_wconf 82' lang='lat' dir='ltr'>VIII</span> <span class='ocrx_word' id='word_1_2' title='bbox 960 227 1565 284; x_wconf 87' lang='lat' dir='ltr'><em>Prolegomenall.</em></span> 
     </span>
    </p>
   </div>
   <div class='ocr_carea' id='block_1_2' title="bbox 288 390 2216 1970">
    <p class='ocr_par' dir='ltr' id='par_1_2' title="bbox 288 390 2216 1970">
     <span class='ocr_line' id='line_1_2' title="bbox 299 390 2216 470; baseline 0.006 -27"><span class='ocrx_word' id='word_1_3' title='bbox 299 407 613 443; x_wconf 88' lang='lat' dir='ltr'><em>consensum</em></span> <span class='ocrx_word' id='word_1_4' title='bbox 647 390 996 458; x_wconf 82' lang='lat' dir='ltr'>Hieronymus</span> <span class='ocrx_word' id='word_1_5' title='bbox 1031 391 1081 442; x_wconf 91' lang='lat' dir='ltr'><em>in</em></span> <span class='ocrx_word' id='word_1_6' title='bbox 1118 408 1225 457; x_wconf 90' lang='lat' dir='ltr'><em>cap.</em></span> <span class='ocrx_word' id='word_1_7' title='bbox 1259 394 1322 443; x_wconf 76' lang='lat'><em>18</em></span> <span class='ocrx_word' id='word_1_8' title='bbox 1360 397 1614 445; x_wconf 86' lang='lat' dir='ltr'><em>memorat</em></span> <span class='ocrx_word' id='word_1_9' title='bbox 1647 395 1728 446; x_wconf 91' lang='lat' dir='ltr'><em>his</em></span> <span class='ocrx_word' id='word_1_10' title='bbox 1763 397 1962 448; x_wconf 86' lang='lat' dir='ltr'><em>uerbis:</em></span> <span class='ocrx_word' id='word_1_11' title='bbox 1996 402 2216 470; x_wconf 85' lang='lat' dir='ltr'><em>Papias,</em></span> 
     </span>
     <span class='ocr_line' id='line_1_3' title="bbox 300 483 2215 555; baseline 0.004 -21"><span class='ocrx_word' id='word_1_12' title='bbox 300 484 558 535; x_wconf 74' lang='lat' dir='ltr'><em>Iohannis</em></span> <span class='ocrx_word' id='word_1_13' title='bbox 588 484 816 549; x_wconf 80' lang='lat' dir='ltr'><em>auditor,</em></span> <span class='ocrx_word' id='word_1_14' title='bbox 853 483 1296 552; x_wconf 84' lang='lat' dir='ltr'><em>Hierapolitanus</em></span> <span class='ocrx_word' id='word_1_15' title='bbox 1327 487 1383 536; x_wconf 91' lang='lat' dir='ltr'><em>in</em></span> <span class='ocrx_word' id='word_1_16' title='bbox 1417 486 1553 537; x_wconf 85' lang='lat' dir='ltr'><em>Asia</em></span> <span class='ocrx_word' id='word_1_17' title='bbox 1586 489 1855 555; x_wconf 88' lang='lat' dir='ltr'><em>episcopus</em></span> <span class='ocrx_word' id='word_1_18' title='bbox 1891 525 1899 535; x_wconf 91' lang='lat'><em>.</em></span> <span class='ocrx_word' id='word_1_19' title='bbox 1931 528 1940 538; x_wconf 92' lang='lat'>.</span> <span class='ocrx_word' id='word_1_20' title='bbox 1974 527 1983 536; x_wconf 96' lang='lat'><strong><em>.</em></strong></span> <span class='ocrx_word' id='word_1_21' title='bbox 2017 492 2215 542; x_wconf 86' lang='lat' dir='ltr'><em>dicitur</em></span> 
     </span>
     <span class='ocr_line' id='line_1_4' title="bbox 297 567 2213 645; baseline 0.001 -23"><span class='ocrx_word' id='word_1_22' title='bbox 297 572 442 622; x_wconf 87' lang='lat' dir='ltr'><em>mille</em></span> <span class='ocrx_word' id='word_1_23' title='bbox 473 589 736 622; x_wconf 89' lang='lat' dir='ltr'><em>annorum</em></span> <span class='ocrx_word' id='word_1_24' title='bbox 760 570 1039 623; x_wconf 74' lang='lat' dir='ltr'><em>Iudaicam</em></span> <span class='ocrx_word' id='word_1_25' title='bbox 1070 573 1295 625; x_wconf 74' lang='lat' dir='ltr'><em>edidisse</em></span> <span class='ocrx_word' id='word_1_26' title='bbox 1328 567 1642 638; x_wconf 74' lang='grc' dir='ltr'><em>δευτέρωσιν</em></span> <span class='ocrx_word' id='word_1_27' title='bbox 1673 575 1771 633; x_wconf 69' lang='lat' dir='ltr'><em>(z</em></span> <span class='ocrx_word' id='word_1_28' title='bbox 1803 573 1975 645; x_wconf 58' lang='grc' dir='ltr'><em>Πξῖζᾞ,</em></span> <span class='ocrx_word' id='word_1_29' title='bbox 2018 574 2213 625; x_wconf 87' lang='lat' dir='ltr'><em>Misch-</em></span> 
     </span>
     <span class='ocr_line' id='line_1_5' title="bbox 299 653 2213 734; baseline 0.004 -25"><span class='ocrx_word' id='word_1_30' title='bbox 299 653 406 724; x_wconf 79' lang='lat' dir='ltr'><em>na).</em></span> <span class='ocrx_word' id='word_1_31' title='bbox 471 677 619 728; x_wconf 74' lang='lat' dir='ltr'><em>quem</em></span> <span class='ocrx_word' id='word_1_32' title='bbox 660 662 820 711; x_wconf 89' lang='lat' dir='ltr'><em>secuti</em></span> <span class='ocrx_word' id='word_1_33' title='bbox 866 665 988 711; x_wconf 90' lang='lat' dir='ltr'><em>sunt</em></span> <span class='ocrx_word' id='word_1_34' title='bbox 1034 660 1288 712; x_wconf 88' lang='lat' dir='ltr'><em>Irenaeus</em></span> <span class='ocrx_word' id='word_1_35' title='bbox 1337 667 1383 712; x_wconf 90' lang='lat' dir='ltr'><em>et</em></span> <span class='ocrx_word' id='word_1_36' title='bbox 1427 663 1762 730; x_wconf 75' lang='lat' dir='ltr'><em>Apollinaris</em></span> <span class='ocrx_word' id='word_1_37' title='bbox 1809 669 1855 715; x_wconf 90' lang='lat' dir='ltr'><em>et</em></span> <span class='ocrx_word' id='word_1_38' title='bbox 1904 666 2071 731; x_wconf 82' lang='lat' dir='ltr'><em>ceteri,</em></span> <span class='ocrx_word' id='word_1_39' title='bbox 2122 668 2213 734; x_wconf 75' lang='lat' dir='ltr'><em>qui</em></span> 
     </span>
     <span class='ocr_line' id='line_1_6' title="bbox 295 749 2211 815; baseline 0.003 -16"><span class='ocrx_word' id='word_1_40' title='bbox 295 752 411 815; x_wconf 85' lang='lat' dir='ltr'><em>post</em></span> <span class='ocrx_word' id='word_1_41' title='bbox 458 749 887 799; x_wconf 75' lang='lat' dir='ltr'><em>resurrectionem</em></span> <span class='ocrx_word' id='word_1_42' title='bbox 949 749 1104 799; x_wconf 86' lang='lat' dir='ltr'><em>aiunt</em></span> <span class='ocrx_word' id='word_1_43' title='bbox 1163 750 1219 799; x_wconf 91' lang='lat' dir='ltr'><em>in</em></span> <span class='ocrx_word' id='word_1_44' title='bbox 1285 767 1441 801; x_wconf 88' lang='lat' dir='ltr'><em>carne</em></span> <span class='ocrx_word' id='word_1_45' title='bbox 1503 768 1619 802; x_wconf 90' lang='lat' dir='ltr'><em>cum</em></span> <span class='ocrx_word' id='word_1_46' title='bbox 1681 753 1878 804; x_wconf 87' lang='lat' dir='ltr'><em>sanctis</em></span> <span class='ocrx_word' id='word_1_47' title='bbox 1941 754 2211 804; x_wconf 87' lang='lat' dir='ltr'><em>dominum</em></span> 
     </span>
     <span class='ocr_line' id='line_1_7' title="bbox 298 837 2211 910; baseline 0.003 -23"><span class='ocrx_word' id='word_1_48' title='bbox 298 841 661 905; x_wconf 61' lang='lat' dir='ltr'><em>regnaturum.</em></span> <span class='ocrx_word' id='word_1_49' title='bbox 692 837 1055 888; x_wconf 74' lang='lat' dir='ltr'><em>Tertullianus</em></span> <span class='ocrx_word' id='word_1_50' title='bbox 1081 854 1276 906; x_wconf 71' lang='lat' dir='ltr'><em>quoque</em></span> <span class='ocrx_word' id='word_1_51' title='bbox 1299 840 1355 889; x_wconf 91' lang='lat' dir='ltr'><em>in</em></span> <span class='ocrx_word' id='word_1_52' title='bbox 1384 840 1516 890; x_wconf 79' lang='lat' dir='ltr'><em>libro</em></span> <span class='ocrx_word' id='word_1_53' title='bbox 1540 840 1601 890; x_wconf 90' lang='lat' dir='ltr'><em>de</em></span> <span class='ocrx_word' id='word_1_54' title='bbox 1626 858 1714 910; x_wconf 86' lang='lat' dir='ltr'><em>spe</em></span> <span class='ocrx_word' id='word_1_55' title='bbox 1731 842 1984 907; x_wconf 83' lang='lat' dir='ltr'><em>fidelium</em></span> <span class='ocrx_word' id='word_1_56' title='bbox 2008 846 2054 892; x_wconf 90' lang='lat' dir='ltr'><em>et</em></span> <span class='ocrx_word' id='word_1_57' title='bbox 2094 842 2211 893; x_wconf 86' lang='lat' dir='ltr'><em>Vic-</em></span> 
     </span>
     <span class='ocr_line' id='line_1_8' title="bbox 298 925 2124 996; baseline 0.003 -21"><span class='ocrx_word' id='word_1_58' title='bbox 298 927 505 976; x_wconf 88' lang='lat' dir='ltr'><em>torinus</em></span> <span class='ocrx_word' id='word_1_59' title='bbox 542 925 942 976; x_wconf 86' lang='lat' dir='ltr'><em>Petauionensis</em></span> <span class='ocrx_word' id='word_1_60' title='bbox 982 930 1028 976; x_wconf 88' lang='lat' dir='ltr'><em>et</em></span> <span class='ocrx_word' id='word_1_61' title='bbox 1067 926 1385 978; x_wconf 85' lang='lat' dir='ltr'><em>Lactantius</em></span> <span class='ocrx_word' id='word_1_62' title='bbox 1424 927 1521 978; x_wconf 82' lang='lat' dir='ltr'><em>liae</em></span> <span class='ocrx_word' id='word_1_63' title='bbox 1560 930 1802 996; x_wconf 87' lang='lat' dir='ltr'><em>opinione</em></span> <span class='ocrx_word' id='word_1_64' title='bbox 1843 930 2124 982; x_wconf 86' lang='lat' dir='ltr'><em>ducuntur.</em></span> 
     </span>
     <span class='ocr_line' id='line_1_9' title="bbox 370 1009 2212 1080; baseline 0.003 -20"><span class='ocrx_word' id='word_1_65' title='bbox 370 1010 515 1060; x_wconf 90' lang='lat' dir='ltr'><em>Idem</em></span> <span class='ocrx_word' id='word_1_66' title='bbox 542 1009 895 1075; x_wconf 81' lang='lat' dir='ltr'><em>Hieronymus</em></span> <span class='ocrx_word' id='word_1_67' title='bbox 917 1012 1143 1060; x_wconf 84' lang='lat' dir='ltr'><em>testatur</em></span> <span class='ocrx_word' id='word_1_68' title='bbox 1169 1011 1219 1061; x_wconf 90' lang='lat' dir='ltr'><em>in</em></span> <span class='ocrx_word' id='word_1_69' title='bbox 1248 1014 1526 1062; x_wconf 88' lang='lat' dir='ltr'><em>comment.</em></span> <span class='ocrx_word' id='word_1_70' title='bbox 1545 1011 1594 1062; x_wconf 91' lang='lat' dir='ltr'><em>in</em></span> <span class='ocrx_word' id='word_1_71' title='bbox 1616 1013 1802 1065; x_wconf 85' lang='lat' dir='ltr'><em>Ezech.</em></span> <span class='ocrx_word' id='word_1_72' title='bbox 1823 1014 1898 1063; x_wconf 86' lang='lat' dir='ltr'><em>XI</em></span> <span class='ocrx_word' id='word_1_73' title='bbox 1919 1013 1983 1064; x_wconf 87' lang='lat' dir='ltr'><em>ad</em></span> <span class='ocrx_word' id='word_1_74' title='bbox 2002 1015 2212 1080; x_wconf 79' lang='lat' dir='ltr'><em>cap.36,</em></span> 
     </span>
     <span class='ocr_line' id='line_1_10' title="bbox 302 1097 2212 1174; baseline 0.006 -28"><span class='ocrx_word' id='word_1_75' title='bbox 302 1099 325 1146; x_wconf 89' lang='lat'>1</span> <span class='ocrx_word' id='word_1_76' title='bbox 358 1113 469 1163; x_wconf 87' lang='lat' dir='ltr'><em>sqq.</em></span> <span class='ocrx_word' id='word_1_77' title='bbox 510 1098 678 1162; x_wconf 87' lang='lat' dir='ltr'><em>(XXV</em></span> <span class='ocrx_word' id='word_1_78' title='bbox 713 1098 818 1148; x_wconf 83' lang='lat'><em>339</em></span> <span class='ocrx_word' id='word_1_79' title='bbox 854 1097 953 1162; x_wconf 87' lang='lat' dir='ltr'><em>M):</em></span> <span class='ocrx_word' id='word_1_80' title='bbox 982 1102 1157 1170; x_wconf 75' lang='lat' dir='ltr'><em>Neque</em></span> <span class='ocrx_word' id='word_1_81' title='bbox 1196 1104 1336 1153; x_wconf 88' lang='lat' dir='ltr'><em>enim</em></span> <span class='ocrx_word' id='word_1_82' title='bbox 1360 1105 1513 1154; x_wconf 64' lang='lat' dir='ltr'><em>ichta</em></span> <span class='ocrx_word' id='word_1_83' title='bbox 1546 1105 1788 1156; x_wconf 89' lang='lat' dir='ltr'><em>iudaicas</em></span> <span class='ocrx_word' id='word_1_84' title='bbox 1800 1106 2047 1172; x_wconf 80' lang='lat' dir='ltr'><em>fabulas,</em></span> <span class='ocrx_word' id='word_1_85' title='bbox 2082 1124 2212 1174; x_wconf 70' lang='lat' dir='ltr'><em>qncts</em></span> 
     </span>
     <span class='ocr_line' id='line_1_11' title="bbox 295 1185 2209 1259; baseline 0.003 -19"><span class='ocrx_word' id='word_1_86' title='bbox 295 1190 380 1240; x_wconf 86' lang='lat' dir='ltr'><em>illi</em></span> <span class='ocrx_word' id='word_1_87' title='bbox 428 1185 768 1254; x_wconf 73' lang='grc' dir='ltr'><em>ὁευτερώσεις</em></span> <span class='ocrx_word' id='word_1_88' title='bbox 816 1191 1101 1258; x_wconf 75' lang='lat' dir='ltr'><em>appellant,</em></span> <span class='ocrx_word' id='word_1_89' title='bbox 1140 1196 1459 1259; x_wconf 26' lang='lat' dir='ltr'><em>,aenimatam</em></span> <span class='ocrx_word' id='word_1_90' title='bbox 1499 1197 1546 1243; x_wconf 89' lang='lat' dir='ltr'><em>et</em></span> <span class='ocrx_word' id='word_1_91' title='bbox 1593 1210 1811 1245; x_wconf 89' lang='lat' dir='ltr'><em>auream</em></span> <span class='ocrx_word' id='word_1_92' title='bbox 1853 1194 1913 1244; x_wconf 85' lang='lat' dir='ltr'><em>de</em></span> <span class='ocrx_word' id='word_1_93' title='bbox 1953 1196 2088 1246; x_wconf 86' lang='lat' dir='ltr'><em>caelo</em></span> <span class='ocrx_word' id='word_1_94' title='bbox 2128 1213 2209 1245; x_wconf 65' lang='lat' dir='ltr'><em>ea-</em></span> 
     </span>
     <span class='ocr_line' id='line_1_12' title="bbox 295 1275 2210 1345; baseline 0.005 -19"><span class='ocrx_word' id='word_1_95' title='bbox 295 1282 588 1345; x_wconf 87' lang='lat' dir='ltr'><em>spectamus</em></span> <span class='ocrx_word' id='word_1_96' title='bbox 612 1278 903 1329; x_wconf 84' lang='lat' dir='ltr'><em>Ierusalem</em></span> <span class='ocrx_word' id='word_1_97' title='bbox 929 1275 1015 1339; x_wconf 83' lang='lat' dir='ltr'><em>(cf.</em></span> <span class='ocrx_word' id='word_1_98' title='bbox 1043 1276 1198 1326; x_wconf 86' lang='lat' dir='ltr'><em>liuius</em></span> <span class='ocrx_word' id='word_1_99' title='bbox 1224 1275 1345 1327; x_wconf 84' lang='lat' dir='ltr'><em>libri</em></span> <span class='ocrx_word' id='word_1_100' title='bbox 1378 1293 1425 1343; x_wconf 92' lang='lat' dir='ltr'><em>p.</em></span> <span class='ocrx_word' id='word_1_101' title='bbox 1459 1277 1579 1339; x_wconf 98' lang='grc'>146,</span> <span class='ocrx_word' id='word_1_102' title='bbox 1622 1279 1652 1327; x_wconf 84' lang='grc'>2</span> <span class='ocrx_word' id='word_1_103' title='bbox 1684 1280 1838 1344; x_wconf 88' lang='lat' dir='ltr'><em>sqq.):</em></span> <span class='ocrx_word' id='word_1_104' title='bbox 1873 1300 1962 1334; x_wconf 87' lang='lat' dir='ltr'><em>nec</em></span> <span class='ocrx_word' id='word_1_105' title='bbox 1993 1301 2210 1334; x_wconf 87' lang='lat' dir='ltr'><em>rursum</em></span> 
     </span>
     <span class='ocr_line' id='line_1_13' title="bbox 288 1368 2210 1433; baseline 0.003 -17"><span class='ocrx_word' id='word_1_106' title='bbox 288 1368 510 1433; x_wconf 86' lang='lat' dir='ltr'><em>passuri</em></span> <span class='ocrx_word' id='word_1_107' title='bbox 535 1368 948 1418; x_wconf 87' lang='lat' dir='ltr'><em>circumcisionis</em></span> <span class='ocrx_word' id='word_1_108' title='bbox 966 1368 1226 1418; x_wconf 87' lang='lat' dir='ltr'><em>iniuriam</em></span> <span class='ocrx_word' id='word_1_109' title='bbox 1252 1385 1339 1419; x_wconf 91' lang='lat' dir='ltr'><em>nec</em></span> <span class='ocrx_word' id='word_1_110' title='bbox 1365 1370 1595 1420; x_wconf 82' lang='lat' dir='ltr'><em>oblaturi</em></span> <span class='ocrx_word' id='word_1_111' title='bbox 1619 1374 1895 1421; x_wconf 88' lang='lat' dir='ltr'><em>taurorum</em></span> <span class='ocrx_word' id='word_1_112' title='bbox 1918 1375 1965 1422; x_wconf 87' lang='lat' dir='ltr'><em>et</em></span> <span class='ocrx_word' id='word_1_113' title='bbox 1982 1373 2210 1422; x_wconf 84' lang='lat' dir='ltr'><em>arietum</em></span> 
     </span>
     <span class='ocr_line' id='line_1_14' title="bbox 295 1456 2211 1527; baseline 0.004 -23"><span class='ocrx_word' id='word_1_114' title='bbox 295 1456 543 1506; x_wconf 81' lang='lat' dir='ltr'><em>uictimas</em></span> <span class='ocrx_word' id='word_1_115' title='bbox 583 1473 670 1506; x_wconf 93' lang='lat' dir='ltr'><em>nec</em></span> <span class='ocrx_word' id='word_1_116' title='bbox 703 1456 904 1506; x_wconf 79' lang='lat' dir='ltr'><em>sabbati</em></span> <span class='ocrx_word' id='word_1_117' title='bbox 944 1457 1044 1507; x_wconf 87' lang='lat' dir='ltr'><em>otio</em></span> <span class='ocrx_word' id='word_1_118' title='bbox 1084 1457 1419 1509; x_wconf 87' lang='lat' dir='ltr'><em>dormiemus.</em></span> <span class='ocrx_word' id='word_1_119' title='bbox 1462 1459 1598 1527; x_wconf 70' lang='lat' dir='ltr'><em>quod</em></span> <span class='ocrx_word' id='word_1_120' title='bbox 1637 1464 1683 1510; x_wconf 88' lang='lat' dir='ltr'><em>et</em></span> <span class='ocrx_word' id='word_1_121' title='bbox 1721 1461 1878 1510; x_wconf 89' lang='lat' dir='ltr'><em>multi</em></span> <span class='ocrx_word' id='word_1_122' title='bbox 1911 1465 2211 1511; x_wconf 88' lang='lat' dir='ltr'><em>nostrorum</em></span> 
     </span>
     <span class='ocr_line' id='line_1_15' title="bbox 294 1542 2210 1614; baseline 0.004 -22"><span class='ocrx_word' id='word_1_123' title='bbox 294 1547 342 1592; x_wconf 88' lang='lat' dir='ltr'><em>et</em></span> <span class='ocrx_word' id='word_1_124' title='bbox 373 1545 659 1611; x_wconf 71' lang='lat' dir='ltr'><em>praecipue</em></span> <span class='ocrx_word' id='word_1_125' title='bbox 702 1542 1038 1595; x_wconf 77' lang='lat' dir='ltr'><em>Tertulliani</em></span> <span class='ocrx_word' id='word_1_126' title='bbox 1069 1545 1198 1596; x_wconf 80' lang='lat' dir='ltr'><em>liber</em></span> <span class='ocrx_word' id='word_1_127' title='bbox 1239 1548 1328 1613; x_wconf 75' lang='lat' dir='ltr'><em>qui</em></span> <span class='ocrx_word' id='word_1_128' title='bbox 1376 1548 1687 1597; x_wconf 74' lang='lat' dir='ltr'><em>inscribitur</em></span> <span class='ocrx_word' id='word_1_129' title='bbox 1735 1548 1796 1598; x_wconf 90' lang='lat' dir='ltr'><em>de</em></span> <span class='ocrx_word' id='word_1_130' title='bbox 1844 1565 1932 1614; x_wconf 90' lang='lat' dir='ltr'><em>spe</em></span> <span class='ocrx_word' id='word_1_131' title='bbox 1959 1549 2210 1613; x_wconf 84' lang='lat' dir='ltr'><em>fidelium</em></span> 
     </span>
     <span class='ocr_line' id='line_1_16' title="bbox 293 1631 2210 1702; baseline 0.003 -21"><span class='ocrx_word' id='word_1_132' title='bbox 293 1636 341 1681; x_wconf 86' lang='lat' dir='ltr'><em>et</em></span> <span class='ocrx_word' id='word_1_133' title='bbox 372 1631 646 1683; x_wconf 87' lang='lat' dir='ltr'><em>Lactantii</em></span> <span class='ocrx_word' id='word_1_134' title='bbox 677 1634 1071 1683; x_wconf 77' lang='lat' dir='ltr'><em>institutionum</em></span> <span class='ocrx_word' id='word_1_135' title='bbox 1105 1634 1347 1685; x_wconf 84' lang='lat' dir='ltr'><em>uolumen</em></span> <span class='ocrx_word' id='word_1_136' title='bbox 1389 1636 1668 1701; x_wconf 89' lang='lat' dir='ltr'><em>septimum</em></span> <span class='ocrx_word' id='word_1_137' title='bbox 1693 1636 1975 1702; x_wconf 86' lang='lat' dir='ltr'><em>pollicetur</em></span> <span class='ocrx_word' id='word_1_138' title='bbox 2005 1641 2053 1687; x_wconf 88' lang='lat' dir='ltr'><em>et</em></span> <span class='ocrx_word' id='word_1_139' title='bbox 2092 1637 2210 1687; x_wconf 82' lang='lat' dir='ltr'><em>Vic-</em></span> 
     </span>
     <span class='ocr_line' id='line_1_17' title="bbox 294 1719 2212 1792; baseline 0.004 -23"><span class='ocrx_word' id='word_1_140' title='bbox 294 1722 473 1785; x_wconf 82' lang='lat' dir='ltr'><em>torini,</em></span> <span class='ocrx_word' id='word_1_141' title='bbox 530 1719 930 1772; x_wconf 85' lang='lat' dir='ltr'><em>Petauionensis</em></span> <span class='ocrx_word' id='word_1_142' title='bbox 984 1722 1226 1788; x_wconf 80' lang='lat' dir='ltr'><em>episcopi,</em></span> <span class='ocrx_word' id='word_1_143' title='bbox 1284 1723 1489 1773; x_wconf 82' lang='lat' dir='ltr'><em>crebrae</em></span> <span class='ocrx_word' id='word_1_144' title='bbox 1543 1724 1888 1790; x_wconf 71' lang='lat' dir='ltr'><em>eoepositiones</em></span> <span class='ocrx_word' id='word_1_145' title='bbox 1942 1728 1989 1775; x_wconf 92' lang='lat' dir='ltr'><em>et</em></span> <span class='ocrx_word' id='word_1_146' title='bbox 2043 1738 2212 1792; x_wconf 84' lang='lat' dir='ltr'><em>nuper</em></span> 
     </span>
     <span class='ocr_line' id='line_1_18' title="bbox 295 1808 2211 1880; baseline 0.003 -21"><span class='ocrx_word' id='word_1_147' title='bbox 295 1808 523 1860; x_wconf 78' lang='lat' dir='ltr'><em>Seuerus</em></span> <span class='ocrx_word' id='word_1_148' title='bbox 568 1814 741 1861; x_wconf 87' lang='lat' dir='ltr'><em>noster</em></span> <span class='ocrx_word' id='word_1_149' title='bbox 787 1811 844 1859; x_wconf 88' lang='lat' dir='ltr'><em>in</em></span> <span class='ocrx_word' id='word_1_150' title='bbox 893 1810 1115 1878; x_wconf 69' lang='lat' dir='ltr'><em>dialoqo‚</em></span> <span class='ocrx_word' id='word_1_151' title='bbox 1166 1812 1249 1861; x_wconf 84' lang='lat' dir='ltr'><em>cui</em></span> <span class='ocrx_word' id='word_1_152' title='bbox 1297 1810 1450 1862; x_wconf 83' lang='lat' dir='ltr'><em>Gallo</em></span> <span class='ocrx_word' id='word_1_153' title='bbox 1500 1829 1684 1864; x_wconf 90' lang='lat' dir='ltr'><em>nomen</em></span> <span class='ocrx_word' id='word_1_154' title='bbox 1735 1814 2003 1880; x_wconf 84' lang='lat' dir='ltr'><em>imposuit.</em></span> <span class='ocrx_word' id='word_1_155' title='bbox 2067 1819 2115 1865; x_wconf 88' lang='lat' dir='ltr'><em>et</em></span> <span class='ocrx_word' id='word_1_156' title='bbox 2152 1819 2211 1865; x_wconf 91' lang='lat' dir='ltr'><em>ut</em></span> 
     </span>
     <span class='ocr_line' id='line_1_19' title="bbox 300 1897 2212 1970; baseline 0.004 -24"><span class='ocrx_word' id='word_1_157' title='bbox 300 1897 523 1949; x_wconf 76' lang='lat' dir='ltr'><em>Graecos</em></span> <span class='ocrx_word' id='word_1_158' title='bbox 550 1899 811 1949; x_wconf 81' lang='lat' dir='ltr'><em>nominem</em></span> <span class='ocrx_word' id='word_1_159' title='bbox 835 1903 882 1949; x_wconf 90' lang='lat' dir='ltr'><em>et</em></span> <span class='ocrx_word' id='word_1_160' title='bbox 899 1900 1142 1966; x_wconf 89' lang='lat' dir='ltr'><em>primum</em></span> <span class='ocrx_word' id='word_1_161' title='bbox 1168 1904 1556 1969; x_wconf 71' lang='lat' dir='ltr'><em>extremumque</em></span> <span class='ocrx_word' id='word_1_162' title='bbox 1582 1902 1925 1970; x_wconf 73' lang='lat' dir='ltr'><em>coniunyam:</em></span> <span class='ocrx_word' id='word_1_163' title='bbox 1957 1902 2212 1955; x_wconf 88' lang='lat' dir='ltr'><em>Irenaeus</em></span> 
     </span>
    </p>
   </div>
   <div class='ocr_carea' id='block_1_3' title="bbox 291 1986 2207 2142">
    <p class='ocr_par' dir='ltr' id='par_1_3' title="bbox 291 1986 2207 2142">
     <span class='ocr_line' id='line_1_20' title="bbox 291 1986 767 2053; baseline 0.002 -18"><span class='ocrx_word' id='word_1_164' title='bbox 291 1990 340 2036; x_wconf 90' lang='lat' dir='ltr'><em>et</em></span> <span class='ocrx_word' id='word_1_165' title='bbox 380 1986 767 2053; x_wconf 83' lang='lat' dir='ltr'><em>Apollinarius.</em></span> 
     </span>
     <span class='ocr_line' id='line_1_21' title="bbox 366 2070 2207 2142; baseline 0.003 -22"><span class='ocrx_word' id='word_1_166' title='bbox 366 2070 445 2121; x_wconf 88' lang='lat' dir='ltr'><em>De</em></span> <span class='ocrx_word' id='word_1_167' title='bbox 463 2071 771 2122; x_wconf 77' lang='lat' dir='ltr'><em>Tertulliani</em></span> <span class='ocrx_word' id='word_1_168' title='bbox 796 2071 927 2123; x_wconf 89' lang='lat' dir='ltr'><em>libro</em></span> <span class='ocrx_word' id='word_1_169' title='bbox 956 2072 1149 2124; x_wconf 89' lang='lat' dir='ltr'><em>amisso</em></span> <span class='ocrx_word' id='word_1_170' title='bbox 1179 2073 1239 2124; x_wconf 90' lang='lat' dir='ltr'><em>de</em></span> <span class='ocrx_word' id='word_1_171' title='bbox 1275 2089 1366 2140; x_wconf 89' lang='lat' dir='ltr'><em>spe</em></span> <span class='ocrx_word' id='word_1_172' title='bbox 1392 2073 1628 2125; x_wconf 90' lang='lat' dir='ltr'><em>fidelium</em></span> <span class='ocrx_word' id='word_1_173' title='bbox 1657 2089 1955 2141; x_wconf 87' lang='lat' dir='ltr'><em>comparare</em></span> <span class='ocrx_word' id='word_1_174' title='bbox 1982 2091 2207 2142; x_wconf 85' lang='lat' dir='ltr'><em>aequum</em></span> 
     </span>
    </p>
   </div>
   <div class='ocr_carea' id='block_1_4' title="bbox 287 2159 2207 3542">
    <p class='ocr_par' dir='ltr' id='par_1_4' title="bbox 291 2159 2207 2494">
     <span class='ocr_line' id='line_1_22' title="bbox 292 2159 2206 2230; baseline 0.003 -21"><span class='ocrx_word' id='word_1_175' title='bbox 292 2162 390 2221; x_wconf 85' lang='lat' dir='ltr'><em>est,</em></span> <span class='ocrx_word' id='word_1_176' title='bbox 425 2159 564 2224; x_wconf 91' lang='lat' dir='ltr'><em>quod</em></span> <span class='ocrx_word' id='word_1_177' title='bbox 596 2159 709 2225; x_wconf 90' lang='lat' dir='ltr'><em>ipse</em></span> <span class='ocrx_word' id='word_1_178' title='bbox 751 2160 865 2211; x_wconf 89' lang='lat' dir='ltr'><em>adu.</em></span> <span class='ocrx_word' id='word_1_179' title='bbox 900 2160 1059 2212; x_wconf 86' lang='lat' dir='ltr'><em>Marc.</em></span> <span class='ocrx_word' id='word_1_180' title='bbox 1093 2162 1169 2212; x_wconf 91' lang='grc' dir='ltr'><em>ΠΙ</em></span> <span class='ocrx_word' id='word_1_181' title='bbox 1207 2163 1276 2213; x_wconf 84' lang='grc'><em>24</em></span> <span class='ocrx_word' id='word_1_182' title='bbox 1311 2162 1410 2229; x_wconf 76' lang='lat' dir='ltr'><em>(z</em></span> <span class='ocrx_word' id='word_1_183' title='bbox 1446 2162 1614 2215; x_wconf 86' lang='lat' dir='ltr'>CSEL</span> <span class='ocrx_word' id='word_1_184' title='bbox 1655 2164 1743 2226; x_wconf 85' lang='lat'><em>47,</em></span> <span class='ocrx_word' id='word_1_185' title='bbox 1779 2164 1908 2228; x_wconf 85' lang='grc'>419)</span> <span class='ocrx_word' id='word_1_186' title='bbox 1943 2165 2206 2230; x_wconf 81' lang='lat' dir='ltr'><em>exposuit;</em></span> 
     </span>
     <span class='ocr_line' id='line_1_23' title="bbox 291 2249 2207 2317; baseline 0.003 -20"><span class='ocrx_word' id='word_1_187' title='bbox 291 2251 559 2313; x_wconf 83' lang='lat' dir='ltr'><em>praeterea</em></span> <span class='ocrx_word' id='word_1_188' title='bbox 592 2251 770 2299; x_wconf 87' lang='lat' dir='ltr'><em>autem</em></span> <span class='ocrx_word' id='word_1_189' title='bbox 803 2249 1052 2314; x_wconf 78' lang='lat' dir='ltr'><em>conferaS,</em></span> <span class='ocrx_word' id='word_1_190' title='bbox 1086 2250 1130 2301; x_wconf 90' lang='lat' dir='ltr'><em>si</em></span> <span class='ocrx_word' id='word_1_191' title='bbox 1161 2251 1309 2312; x_wconf 88' lang='lat' dir='ltr'><em>libet,</em></span> <span class='ocrx_word' id='word_1_192' title='bbox 1345 2267 1476 2317; x_wconf 86' lang='lat' dir='ltr'><em>quae</em></span> <span class='ocrx_word' id='word_1_193' title='bbox 1511 2251 1777 2317; x_wconf 78' lang='lat' dir='ltr'><em>Sulpicius</em></span> <span class='ocrx_word' id='word_1_194' title='bbox 1815 2251 2045 2303; x_wconf 84' lang='lat' dir='ltr'><em>Seuerus</em></span> <span class='ocrx_word' id='word_1_195' title='bbox 2086 2252 2207 2304; x_wconf 88' lang='lat' dir='ltr'><em>dial.</em></span> 
     </span>
     <span class='ocr_line' id='line_1_24' title="bbox 291 2336 2206 2392; baseline 0.003 -6"><span class='ocrx_word' id='word_1_196' title='bbox 291 2336 343 2386; x_wconf 85' lang='lat' dir='ltr'><em>II</em></span> <span class='ocrx_word' id='word_1_197' title='bbox 394 2336 459 2387; x_wconf 87' lang='grc'><em>14</em></span> <span class='ocrx_word' id='word_1_198' title='bbox 516 2336 802 2388; x_wconf 85' lang='lat' dir='ltr'><em>Martinum</em></span> <span class='ocrx_word' id='word_1_199' title='bbox 850 2338 1203 2389; x_wconf 86' lang='lat' dir='ltr'><em>Turonensem</em></span> <span class='ocrx_word' id='word_1_200' title='bbox 1262 2339 1322 2390; x_wconf 93' lang='lat' dir='ltr'><em>de</em></span> <span class='ocrx_word' id='word_1_201' title='bbox 1372 2338 1575 2391; x_wconf 83' lang='lat' dir='ltr'><em>Nerone</em></span> <span class='ocrx_word' id='word_1_202' title='bbox 1627 2343 1678 2391; x_wconf 90' lang='lat' dir='ltr'><em>et</em></span> <span class='ocrx_word' id='word_1_203' title='bbox 1724 2340 2050 2392; x_wconf 71' lang='lat' dir='ltr'><em>Antichristo</em></span> <span class='ocrx_word' id='word_1_204' title='bbox 2102 2341 2206 2392; x_wconf 90' lang='lat' dir='ltr'><em>dis-</em></span> 
     </span>
     <span class='ocr_line' id='line_1_25' title="bbox 291 2424 1313 2494; baseline 0.005 -20"><span class='ocrx_word' id='word_1_205' title='bbox 291 2427 551 2475; x_wconf 75' lang='lat' dir='ltr'><em>serentem</em></span> <span class='ocrx_word' id='word_1_206' title='bbox 592 2426 795 2477; x_wconf 87' lang='lat' dir='ltr'><em>inducit</em></span> <span class='ocrx_word' id='word_1_207' title='bbox 835 2424 1030 2494; x_wconf 76' lang='lat' dir='ltr'>(CSEL</span> <span class='ocrx_word' id='word_1_208' title='bbox 1074 2428 1122 2489; x_wconf 85' lang='lat'><em>1,</em></span> <span class='ocrx_word' id='word_1_209' title='bbox 1169 2428 1313 2491; x_wconf 83' lang='lat'>197).</span> 
     </span>
    </p>

    <p class='ocr_par' dir='ltr' id='par_1_5' title="bbox 287 2513 2207 3542">
     <span class='ocr_line' id='line_1_26' title="bbox 364 2513 2205 2584; baseline 0.003 -21"><span class='ocrx_word' id='word_1_210' title='bbox 364 2513 480 2564; x_wconf 90' lang='lat' dir='ltr'><em>Non</em></span> <span class='ocrx_word' id='word_1_211' title='bbox 516 2515 687 2565; x_wconf 92' lang='lat' dir='ltr'><em>solum</em></span> <span class='ocrx_word' id='word_1_212' title='bbox 730 2517 906 2565; x_wconf 89' lang='lat' dir='ltr'><em>autem</em></span> <span class='ocrx_word' id='word_1_213' title='bbox 949 2515 1183 2581; x_wconf 79' lang='lat' dir='ltr'><em>Papiam,</em></span> <span class='ocrx_word' id='word_1_214' title='bbox 1219 2517 1311 2567; x_wconf 89' lang='lat' dir='ltr'><em>sed</em></span> <span class='ocrx_word' id='word_1_215' title='bbox 1352 2516 1513 2568; x_wconf 78' lang='lat' dir='ltr'><em>etiam</em></span> <span class='ocrx_word' id='word_1_216' title='bbox 1556 2515 1685 2569; x_wconf 90' lang='lat' dir='ltr'><em>alios</em></span> <span class='ocrx_word' id='word_1_217' title='bbox 1723 2517 2002 2584; x_wconf 80' lang='lat' dir='ltr'><em>scriptores</em></span> <span class='ocrx_word' id='word_1_218' title='bbox 2045 2518 2205 2570; x_wconf 87' lang='lat' dir='ltr'><em>eccle-</em></span> 
     </span>
     <span class='ocr_line' id='line_1_27' title="bbox 290 2599 2204 2669; baseline 0.004 -19"><span class='ocrx_word' id='word_1_219' title='bbox 290 2599 536 2653; x_wconf 88' lang='lat' dir='ltr'><em>siasticos</em></span> <span class='ocrx_word' id='word_1_220' title='bbox 592 2617 806 2668; x_wconf 81' lang='lat' dir='ltr'><em>graecos</em></span> <span class='ocrx_word' id='word_1_221' title='bbox 860 2602 1130 2654; x_wconf 87' lang='lat' dir='ltr'><em>Victorino</em></span> <span class='ocrx_word' id='word_1_222' title='bbox 1185 2606 1394 2669; x_wconf 87' lang='lat' dir='ltr'><em>praesto</em></span> <span class='ocrx_word' id='word_1_223' title='bbox 1452 2604 1634 2669; x_wconf 89' lang='lat' dir='ltr'><em>fuisse,</em></span> <span class='ocrx_word' id='word_1_224' title='bbox 1682 2605 1734 2656; x_wconf 92' lang='lat' dir='ltr'><em>in</em></span> <span class='ocrx_word' id='word_1_225' title='bbox 1791 2606 1864 2657; x_wconf 91' lang='lat' dir='ltr'><em>eis</em></span> <span class='ocrx_word' id='word_1_226' title='bbox 1920 2607 2204 2669; x_wconf 80' lang='lat' dir='ltr'><em>Irenaeum,</em></span> 
     </span>
     <span class='ocr_line' id='line_1_28' title="bbox 289 2689 2206 2762; baseline 0.004 -24"><span class='ocrx_word' id='word_1_227' title='bbox 289 2689 655 2756; x_wconf 84' lang='lat' dir='ltr'><em>Hippolytum,</em></span> <span class='ocrx_word' id='word_1_228' title='bbox 697 2691 975 2757; x_wconf 82' lang='lat' dir='ltr'><em>praecipue</em></span> <span class='ocrx_word' id='word_1_229' title='bbox 1004 2691 1301 2760; x_wconf 83' lang='lat' dir='ltr'><em>Origenem,</em></span> <span class='ocrx_word' id='word_1_230' title='bbox 1344 2709 1480 2744; x_wconf 86' lang='lat' dir='ltr'><em>nunc</em></span> <span class='ocrx_word' id='word_1_231' title='bbox 1516 2693 2008 2746; x_wconf 79' lang='lat' dir='ltr'><em>demonstrabimus</em></span> <span class='ocrx_word' id='word_1_232' title='bbox 2051 2698 2206 2762; x_wconf 87' lang='lat' dir='ltr'><em>atque</em></span> 
     </span>
     <span class='ocr_line' id='line_1_29' title="bbox 292 2777 2207 2849; baseline 0.004 -22"><span class='ocrx_word' id='word_1_233' title='bbox 292 2777 353 2828; x_wconf 90' lang='lat' dir='ltr'><em>de</em></span> <span class='ocrx_word' id='word_1_234' title='bbox 393 2778 605 2830; x_wconf 87' lang='lat' dir='ltr'><em>Irenaeo</em></span> <span class='ocrx_word' id='word_1_235' title='bbox 650 2779 778 2830; x_wconf 81' lang='lat' dir='ltr'><em>satis</em></span> <span class='ocrx_word' id='word_1_236' title='bbox 821 2782 902 2831; x_wconf 92' lang='lat' dir='ltr'><em>est</em></span> <span class='ocrx_word' id='word_1_237' title='bbox 943 2781 1188 2843; x_wconf 86' lang='lat' dir='ltr'><em>conferre,</em></span> <span class='ocrx_word' id='word_1_238' title='bbox 1233 2796 1364 2848; x_wconf 88' lang='lat' dir='ltr'><em>quae</em></span> <span class='ocrx_word' id='word_1_239' title='bbox 1404 2800 1453 2849; x_wconf 89' lang='lat' dir='ltr'><em>p.</em></span> <span class='ocrx_word' id='word_1_240' title='bbox 1483 2782 1604 2846; x_wconf 82' lang='grc'>148,</span> <span class='ocrx_word' id='word_1_241' title='bbox 1644 2784 1734 2844; x_wconf 86' lang='grc'><em>11;</em></span> <span class='ocrx_word' id='word_1_242' title='bbox 1780 2784 1902 2845; x_wconf 86' lang='grc'>152,</span> <span class='ocrx_word' id='word_1_243' title='bbox 1949 2786 2039 2845; x_wconf 79' lang='grc'><em>12;</em></span> <span class='ocrx_word' id='word_1_244' title='bbox 2087 2785 2207 2848; x_wconf 88' lang='grc'>154,</span> 
     </span>
     <span class='ocr_line' id='line_1_30' title="bbox 290 2865 2203 2947; baseline 0.004 -31"><span class='ocrx_word' id='word_1_245' title='bbox 290 2865 323 2915; x_wconf 91' lang='grc'>6</span> <span class='ocrx_word' id='word_1_246' title='bbox 351 2868 400 2917; x_wconf 91' lang='lat' dir='ltr'><em>et</em></span> <span class='ocrx_word' id='word_1_247' title='bbox 435 2866 466 2916; x_wconf 83' lang='lat'><em>8</em></span> <span class='ocrx_word' id='word_1_248' title='bbox 499 2866 550 2917; x_wconf 91' lang='lat' dir='ltr'><em>in</em></span> <span class='ocrx_word' id='word_1_249' title='bbox 576 2868 699 2918; x_wconf 89' lang='lat' dir='ltr'><em>test.</em></span> <span class='ocrx_word' id='word_1_250' title='bbox 728 2867 1112 2920; x_wconf 88' lang='lat' dir='ltr'><em>adnotauimus.</em></span> <span class='ocrx_word' id='word_1_251' title='bbox 1147 2869 1330 2921; x_wconf 87' lang='lat' dir='ltr'><em>deinde</em></span> <span class='ocrx_word' id='word_1_252' title='bbox 1364 2887 1496 2947; x_wconf 78' lang='lat' dir='ltr'><em>quae</em></span> <span class='ocrx_word' id='word_1_253' title='bbox 1529 2870 1660 2922; x_wconf 90' lang='lat' dir='ltr'><em>ratio</em></span> <span class='ocrx_word' id='word_1_254' title='bbox 1694 2871 1829 2922; x_wconf 89' lang='lat' dir='ltr'><em>inter</em></span> <span class='ocrx_word' id='word_1_255' title='bbox 1852 2871 2203 2939; x_wconf 88' lang='lat' dir='ltr'><em>Hippolytum</em></span> 
     </span>
     <span class='ocr_line' id='line_1_31' title="bbox 289 2954 2203 3026; baseline 0.004 -23"><span class='ocrx_word' id='word_1_256' title='bbox 289 2956 342 3004; x_wconf 90' lang='lat' dir='ltr'><em>et</em></span> <span class='ocrx_word' id='word_1_257' title='bbox 383 2954 714 3005; x_wconf 84' lang='lat' dir='ltr'><em>Victorinum</em></span> <span class='ocrx_word' id='word_1_258' title='bbox 762 2955 1126 3018; x_wconf 87' lang='lat' dir='ltr'><em>intercederet,</em></span> <span class='ocrx_word' id='word_1_259' title='bbox 1182 2958 1539 3025; x_wconf 85' lang='lat' dir='ltr'><em>Hieronymus</em></span> <span class='ocrx_word' id='word_1_260' title='bbox 1590 2958 1653 3009; x_wconf 87' lang='lat' dir='ltr'><em>ad</em></span> <span class='ocrx_word' id='word_1_261' title='bbox 1697 2958 1826 3011; x_wconf 85' lang='lat' dir='ltr'><em>Gen.</em></span> <span class='ocrx_word' id='word_1_262' title='bbox 1858 2960 1945 3020; x_wconf 83' lang='lat'><em>27,</em></span> <span class='ocrx_word' id='word_1_263' title='bbox 1982 2961 2049 3010; x_wconf 84' lang='lat'><em>27</em></span> <span class='ocrx_word' id='word_1_264' title='bbox 2094 2976 2203 3026; x_wconf 87' lang='lat' dir='ltr'><em>sqq.</em></span> 
     </span>
     <span class='ocr_line' id='line_1_32' title="bbox 289 3041 2205 3121; baseline 0.006 -29"><span class='ocrx_word' id='word_1_265' title='bbox 289 3041 340 3092; x_wconf 92' lang='lat' dir='ltr'><em>in</em></span> <span class='ocrx_word' id='word_1_266' title='bbox 390 3043 543 3108; x_wconf 88' lang='lat' dir='ltr'><em>epist.</em></span> <span class='ocrx_word' id='word_1_267' title='bbox 601 3044 688 3106; x_wconf 83' lang='lat'><em>36,</em></span> <span class='ocrx_word' id='word_1_268' title='bbox 741 3045 807 3095; x_wconf 88' lang='grc'><em>16</em></span> <span class='ocrx_word' id='word_1_269' title='bbox 857 3043 1050 3110; x_wconf 79' lang='lat' dir='ltr'>(CSEL</span> <span class='ocrx_word' id='word_1_270' title='bbox 1101 3047 1186 3108; x_wconf 88' lang='grc'><em>54,</em></span> <span class='ocrx_word' id='word_1_271' title='bbox 1235 3045 1366 3115; x_wconf 84' lang='grc'>283)</span> <span class='ocrx_word' id='word_1_272' title='bbox 1417 3047 1545 3098; x_wconf 83' lang='lat' dir='ltr'><em>haec</em></span> <span class='ocrx_word' id='word_1_273' title='bbox 1598 3047 1863 3114; x_wconf 81' lang='lat' dir='ltr'><em>exposuit:</em></span> <span class='ocrx_word' id='word_1_274' title='bbox 1921 3053 2205 3121; x_wconf 74' lang='lat' dir='ltr'><em>Hippolyti</em></span> 
     </span>
     <span class='ocr_line' id='line_1_33' title="bbox 288 3136 2204 3208; baseline 0.005 -24"><span class='ocrx_word' id='word_1_275' title='bbox 288 3136 547 3203; x_wconf 78' lang='lat' dir='ltr'><em>martyris</em></span> <span class='ocrx_word' id='word_1_276' title='bbox 569 3136 728 3187; x_wconf 81' lang='lat' dir='ltr'><em>uerba</em></span> <span class='ocrx_word' id='word_1_277' title='bbox 743 3153 1008 3203; x_wconf 74' lang='lat' dir='ltr'><em>ponemus,</em></span> <span class='ocrx_word' id='word_1_278' title='bbox 1036 3156 1068 3189; x_wconf 91' lang='lat' dir='ltr'><em>a</em></span> <span class='ocrx_word' id='word_1_279' title='bbox 1088 3156 1185 3207; x_wconf 72' lang='lat' dir='ltr'><em>quo</em></span> <span class='ocrx_word' id='word_1_280' title='bbox 1203 3143 1250 3190; x_wconf 88' lang='lat' dir='ltr'><em>et</em></span> <span class='ocrx_word' id='word_1_281' title='bbox 1276 3139 1581 3192; x_wconf 83' lang='lat' dir='ltr'><em>Victorinus</em></span> <span class='ocrx_word' id='word_1_282' title='bbox 1597 3144 1769 3191; x_wconf 90' lang='lat' dir='ltr'><em>noster</em></span> <span class='ocrx_word' id='word_1_283' title='bbox 1787 3158 1888 3192; x_wconf 92' lang='lat' dir='ltr'><em>non</em></span> <span class='ocrx_word' id='word_1_284' title='bbox 1900 3142 2204 3208; x_wconf 90' lang='lat' dir='ltr'><em>plurimum</em></span> 
     </span>
     <span class='ocr_line' id='line_1_34' title="bbox 287 3222 2204 3298; baseline 0.005 -25"><span class='ocrx_word' id='word_1_285' title='bbox 287 3222 569 3290; x_wconf 82' lang='lat' dir='ltr'><em>discrepat.</em></span> <span class='ocrx_word' id='word_1_286' title='bbox 613 3235 769 3285; x_wconf 84' lang='lat' dir='ltr'><em>quare</em></span> <span class='ocrx_word' id='word_1_287' title='bbox 811 3236 942 3286; x_wconf 90' lang='lat' dir='ltr'><em>quae</em></span> <span class='ocrx_word' id='word_1_288' title='bbox 983 3222 1086 3272; x_wconf 88' lang='lat' dir='ltr'><em>iam</em></span> <span class='ocrx_word' id='word_1_289' title='bbox 1127 3223 1238 3275; x_wconf 92' lang='lat' dir='ltr'><em>Ioh.</em></span> <span class='ocrx_word' id='word_1_290' title='bbox 1284 3223 1455 3275; x_wconf 85' lang='lat' dir='ltr'><em>Waitz</em></span> <span class='ocrx_word' id='word_1_291' title='bbox 1497 3224 1547 3275; x_wconf 90' lang='lat' dir='ltr'><em>in</em></span> <span class='ocrx_word' id='word_1_292' title='bbox 1596 3224 1754 3276; x_wconf 86' lang='lat' dir='ltr'><em>libro:</em></span> <span class='ocrx_word' id='word_1_293' title='bbox 1823 3228 1940 3280; x_wconf 82' lang='lat' dir='ltr'><em>Das</em></span> <span class='ocrx_word' id='word_1_294' title='bbox 1981 3231 2204 3298; x_wconf 83' lang='lat' dir='ltr'><em>pseudo-</em></span> 
     </span>
     <span class='ocr_line' id='line_1_35' title="bbox 287 3311 2201 3380; baseline 0.003 -20"><span class='ocrx_word' id='word_1_295' title='bbox 287 3311 703 3363; x_wconf 79' lang='lat' dir='ltr'><em>tertullianische</em></span> <span class='ocrx_word' id='word_1_296' title='bbox 743 3312 962 3365; x_wconf 76' lang='lat' dir='ltr'><em>Gediclit</em></span> <span class='ocrx_word' id='word_1_297' title='bbox 1000 3315 1260 3367; x_wconf 88' lang='lat' dir='ltr'><em>aduersus</em></span> <span class='ocrx_word' id='word_1_298' title='bbox 1289 3315 1619 3368; x_wconf 88' lang='lat' dir='ltr'><em>Marcionem</em></span> <span class='ocrx_word' id='word_1_299' title='bbox 1666 3314 1999 3376; x_wconf 84' lang='lat' dir='ltr'><em>(Darmstadt</em></span> <span class='ocrx_word' id='word_1_300' title='bbox 2041 3315 2201 3380; x_wconf 84' lang='lat'>1901)</span> 
     </span>
     <span class='ocr_line' id='line_1_36' title="bbox 288 3395 2201 3468; baseline 0.005 -23"><span class='ocrx_word' id='word_1_301' title='bbox 288 3410 337 3460; x_wconf 88' lang='lat' dir='ltr'><em>p.</em></span> <span class='ocrx_word' id='word_1_302' title='bbox 367 3395 470 3446; x_wconf 94' lang='grc'><em>100</em></span> <span class='ocrx_word' id='word_1_303' title='bbox 513 3411 623 3462; x_wconf 90' lang='lat' dir='ltr'><em>sqq.</em></span> <span class='ocrx_word' id='word_1_304' title='bbox 658 3397 719 3448; x_wconf 90' lang='lat' dir='ltr'><em>de</em></span> <span class='ocrx_word' id='word_1_305' title='bbox 759 3397 891 3449; x_wconf 88' lang='lat' dir='ltr'><em>locis</em></span> <span class='ocrx_word' id='word_1_306' title='bbox 932 3399 1197 3463; x_wconf 86' lang='lat' dir='ltr'><em>parallelis</em></span> <span class='ocrx_word' id='word_1_307' title='bbox 1232 3400 1510 3468; x_wconf 86' lang='lat' dir='ltr'><em>Hippolyti</em></span> <span class='ocrx_word' id='word_1_308' title='bbox 1551 3404 1603 3452; x_wconf 85' lang='lat' dir='ltr'><em>et</em></span> <span class='ocrx_word' id='word_1_309' title='bbox 1635 3401 1895 3454; x_wconf 88' lang='lat' dir='ltr'><em>Victorini</em></span> <span class='ocrx_word' id='word_1_310' title='bbox 1935 3402 2201 3460; x_wconf 81' lang='lat' dir='ltr'><em>disseruit,</em></span> 
     </span>
     <span class='ocr_line' id='line_1_37' title="bbox 287 3483 2201 3542; baseline 0.005 -9"><span class='ocrx_word' id='word_1_311' title='bbox 287 3483 578 3535; x_wconf 88' lang='lat' dir='ltr'><em>secundum</em></span> <span class='ocrx_word' id='word_1_312' title='bbox 635 3484 917 3537; x_wconf 88' lang='lat' dir='ltr'><em>editionem</em></span> <span class='ocrx_word' id='word_1_313' title='bbox 973 3490 1206 3539; x_wconf 86' lang='lat' dir='ltr'><em>nostram</em></span> <span class='ocrx_word' id='word_1_314' title='bbox 1270 3489 1598 3541; x_wconf 87' lang='lat' dir='ltr'><em>emendatam</em></span> <span class='ocrx_word' id='word_1_315' title='bbox 1647 3488 1815 3541; x_wconf 92' lang='lat' dir='ltr'><em>denuo</em></span> <span class='ocrx_word' id='word_1_316' title='bbox 1865 3490 2201 3542; x_wconf 81' lang='lat' dir='ltr'><em>examinanda</em></span> 
     </span>
    </p>
   </div>
  </div>
 </body>
</html>
