2470 3718
181 1140 222 1172 10

183 1568 223 1601 15

811 198 1064 240 Recensio
1100 199 1405 252 Hieronymi
1440 200 1474 239 V
1506 200 1545 240 2.
2024 204 2088 253 65

250 356 462 421 legisset
500 354 704 418 populo,
747 357 951 417 accepta
983 354 1095 403 lana
1129 353 1303 402 sucida
1337 357 1386 403 et
1419 356 1662 420 sanguine
1701 356 1848 405 uituli
1882 360 1930 406 et
1963 374 2091 422 aqua

252 440 468 505 aspersit
518 440 765 502 populum
821 439 1116 488 uniuersum
1181 439 1375 488 dicens:
1440 440 1534 489 hic
1599 443 1846 506 sanguis
1909 446 2090 493 testa-

252 526 435 575 menti
490 525 617 574 eius
676 524 781 587 qui
836 524 1153 573 inundauit
1207 539 1329 575 uos.
1372 525 1707 576 animaduerti
1746 527 1905 591 igitur
1946 545 2090 593 opor-

252 614 326 661 tet
364 611 619 660 hominem
661 610 929 674 diligenter
967 609 1255 673 praedicare
1295 613 1345 659 et
1376 610 1613 661 uniuersa
1644 612 1694 661 in
1728 629 1884 663 unum
1919 616 2091 665 cohae-

250 713 370 747 rere.
419 712 532 745 nam
580 711 671 745 nec
719 694 911 745 sufficit
956 697 1123 760 legem
1169 696 1310 745 illam
1359 696 1459 745 dici
1508 697 1597 746 sed
1638 701 1686 747 et
1726 701 2088 750 testamentum

250 783 505 833 nominata
545 786 634 832 est.
675 782 814 830 nulla
852 782 929 830 lex
961 783 1326 831 testamentum
1359 784 1573 831 uocatur
1604 798 1695 833 nec
1726 787 2089 836 testamentum

253 869 388 919 aliud
440 868 640 927 dicitur,
699 867 798 915 nisi
860 866 993 930 quod
1047 866 1241 916 faciunt
1301 868 1559 925 morituri;
1625 872 1674 919 et
1736 871 2090 935 quodcumque

249 955 552 1004 intrinsecus
592 954 886 1002 testamenti
926 954 1017 1015 est,
1057 952 1314 1017 signatum
1350 955 1426 1003 est
1458 969 1620 1017 usque
1654 955 1714 1004 ad
1748 956 1880 1005 diem
1915 958 2091 1007 mortis

251 1040 530 1089 testatoris,
585 1039 695 1088 ideo
746 1038 892 1088 modo
941 1037 1121 1087 merito
1170 1038 1456 1101 resignatur
1493 1055 1582 1103 per
1621 1055 1807 1105 agnum
1850 1042 2091 1103 occisum,

254 1126 338 1188 qui
378 1129 636 1187 tamquam
675 1123 754 1172 leo
790 1123 1038 1187 confregit
1068 1125 1283 1172 mortem
1324 1126 1373 1172 et
1413 1138 1540 1187 quae
1575 1124 1633 1173 de
1675 1139 1730 1175 eo
1771 1128 2090 1189 pronuntiata

252 1211 452 1260 fuerant
487 1209 706 1272 repleuit
740 1210 789 1258 et
821 1209 1076 1258 hominem
1111 1209 1362 1269 liberauit,
1395 1208 1448 1257 id
1480 1212 1557 1259 est
1591 1225 1790 1260 carnem
1823 1212 1882 1261 de
1915 1217 2092 1273 morte,

252 1300 302 1345 et
327 1297 520 1358 accepit
537 1294 911 1358 possessionem
932 1294 1247 1344 substantiae
1273 1294 1552 1355 morientis,
1580 1296 1630 1345 id
1650 1299 1727 1347 est
1752 1298 2090 1350 membrorum

252 1382 602 1440 humanorum,
665 1383 736 1441 ut,
812 1380 946 1430 sicut
1006 1395 1093 1444 per
1153 1396 1309 1430 unum
1379 1396 1562 1446 corpus
1627 1397 1798 1432 omnes
1863 1384 2093 1436 homines

254 1467 422 1516 debito
464 1465 640 1516 mortis
682 1466 1017 1526 succiderant,
1052 1481 1138 1529 per
1170 1482 1324 1515 unum
1359 1482 1542 1530 corpus
1575 1467 1801 1517 uniuersi
1835 1470 2093 1521 credentes

253 1553 411 1603 renati
463 1553 513 1601 in
564 1552 672 1602 uita
725 1554 1059 1617 resurgerent.
1097 1552 1263 1602 modo
1314 1568 1430 1618 ergo
1471 1553 1626 1603 facies
1666 1554 1834 1619 Moysi
1875 1557 2096 1619 aperitur

257 1642 305 1688 et
342 1639 596 1688 reuelatur
632 1638 848 1700 ideoque
889 1638 1208 1702 apocalypsis
1249 1639 1493 1688 reuelatio
1537 1639 1737 1700 dicitur,
1778 1641 1929 1691 modo
1970 1643 2097 1692 liber

255 1725 361 1774 eius
402 1724 703 1789 resignatur,
756 1723 905 1773 modo
946 1723 1143 1773 hostiae
1185 1724 1457 1774 oblationis
1506 1725 1886 1790 intelleguntur,
1943 1729 2093 1777 modo

254 1810 608 1870 sacerdotium,
679 1809 944 1870 chrismae,
1013 1809 1276 1860 fabricatio
1348 1810 1502 1870 aediS,
1565 1811 1857 1861 testimonia
1926 1818 2094 1877 aperte

251 1895 634 1960 intelleguntur.

400 2021 419 2061 1
456 2021 509 2062 cf.
541 2020 674 2062 Hebr.
707 2021 745 2072 9,
783 2022 835 2062 19
869 2021 963 2075 (Ex.
991 2022 1060 2074 24,
1086 2022 1128 2074 8)
1212 2024 1237 2063 2
1261 2022 1393 2064 Hebr.
1419 2023 1458 2072 9,
1485 2023 1538 2063 20
1625 2023 1675 2065 13
1702 2024 1753 2065 cf.
1780 2023 1800 2064 I
1825 2023 1921 2066 Cor.
1949 2025 2016 2077 15,
2042 2025 2091 2065 21

313 2123 332 2162 1
365 2122 476 2175 legis
511 2124 552 2163 et
588 2121 679 2175 CB,
710 2121 821 2175 legis
855 2121 907 2163 de
939 2135 959 2163 e
1137 2124 1356 2177 acceptam
1389 2124 1533 2164 lanam
1566 2124 1759 2165 sucinam
1795 2124 2005 2176 (sucidam
2038 2124 2095 2176 D,

253 2193 471 2236 succidam
502 2193 568 2247 H)
600 2196 644 2234 et
675 2193 931 2247 sanguinem
964 2194 1093 2235 uituli
1125 2197 1168 2235 et
1200 2207 1355 2247 aquam
1395 2194 1634 2235 TDFHM
1745 2197 1770 2236 2
1804 2196 1963 2249 sparsit
1993 2196 2100 2236 ΚΜ

310 2266 509 2306 uniuerso
541 2266 702 2319 populo
734 2265 782 2305 F
868 2271 972 2318 post
1002 2266 1074 2307 hic
1105 2266 1207 2307 add.
1245 2268 1311 2307 est
1341 2266 1416 2320 Hy
1476 2267 1499 2307 3
1534 2267 1606 2319 qui
1637 2267 1869 2307 mundauit
1900 2281 1976 2308 uos
2007 2267 2095 2319 TX,

254 2336 370 2390 quod
401 2336 492 2390 (qui
517 2337 579 2386 D)
613 2335 840 2378 mandauit
872 2337 926 2378 ad
957 2350 1034 2378 uos
1058 2337 1189 2378 DOB
1278 2338 1431 2392 igitur]
1468 2351 1569 2392 ergo
1597 2353 1616 2379 e
1682 2339 1710 2380 4
1741 2339 1958 2379 hominem
1984 2339 2096 2391 (scil.

255 2407 478 2462 Moysen)]
505 2408 703 2449 homines
728 2408 780 2449 H
866 2409 1099 2462 diligenter
1123 2422 1204 2451 om.
1230 2409 1277 2450 F
1363 2412 1405 2450 in
1430 2424 1562 2451 unum
1588 2410 1835 2463 cohaerere]
1870 2410 1913 2450 in
1936 2410 2095 2450 mundo

255 2493 448 2521 coercere
485 2480 562 2521 CB
638 2482 662 2521 5
693 2480 789 2533 nec]
820 2494 905 2521 non
935 2494 963 2534 9
1052 2482 1096 2521 et
1127 2494 1207 2522 om.
1239 2481 1371 2522 DOB
1445 2482 1470 2522 6
1495 2486 1598 2534 post
1628 2481 1748 2522 nulla
1780 2480 1884 2521 add.
1919 2481 2031 2521 enim
2066 2480 2101 2521 S

253 2551 279 2593 9
309 2551 533 2592 testatoris
566 2564 647 2592 om,
683 2551 762 2593 OB
900 2551 1029 2593 modo
1063 2565 1144 2593 om.
1175 2551 1223 2592 F
1356 2553 1511 2594 merito
1544 2552 1804 2606 resignatur}
1842 2552 2098 2606 designatur

254 2623 463 2663 moritura
499 2621 574 2663 ΟΒ
694 2622 974 2676 resignantur
1004 2622 1064 2675 H,
1104 2624 1306 2676 signatur
1336 2623 1418 2665 FS
1513 2623 1563 2664 10
1596 2623 1879 2676 pronuntiata
1914 2622 2097 2674 TDHS,

254 2694 562 2748 praenuntiata
599 2693 794 2743 GBKM,
828 2693 1079 2747 praedicata
1109 2693 1158 2735 F
1266 2694 1315 2735 11
1349 2695 1550 2749 impleuit
1581 2694 1685 2735 HK
1812 2694 1863 2735 12
1897 2694 2098 2735 substan-

253 2765 360 2806 tiam
384 2764 505 2818 FHy
566 2766 617 2806 13
650 2771 699 2806 ut
731 2764 798 2813 eS,
833 2768 876 2806 et
908 2770 982 2807 cet.
1074 2779 1150 2818 per
1180 2766 1327 2819 unum]
1361 2780 1436 2820 pro
1470 2780 1553 2806 uno
1578 2766 1626 2806 F
1719 2779 1865 2807 omnes
1888 2778 2097 2818 ..corpus

252 2850 335 2879 om.
366 2836 524 2878 HKM
637 2837 690 2879 14
721 2836 917 2877 debitum
946 2836 1024 2879 CB
1171 2840 1451 2891 susceperant
1473 2837 1617 2891 DGB,
1652 2851 1754 2879 suae
1789 2837 2033 2879 ceciderant
2065 2835 2101 2876 S

303 2912 407 2961 post
438 2907 711 2950 succiderant
743 2908 848 2949 add.
880 2909 944 2950 ita
974 2908 1105 2949 DCB
1250 2923 1327 2962 pro
1362 2923 1493 2950 unum
1529 2909 1575 2951 F
1696 2913 1801 2962 post
1827 2921 1956 2949 unum
1991 2906 2096 2948 add.

256 2980 386 3021 etiam
419 2979 453 3021 S
520 2981 572 3021 15
603 2980 740 3020 uitam
772 2979 1070 3033 DmeFKMq
1157 2984 1386 3035 resurgent
1418 2981 1497 3022 eM
1583 2981 1701 3034 ergo]
1737 2993 1837 3021 uero
1870 2979 1917 3021 F
1993 2984 2099 3031 post

255 3050 446 3104 aperitur
477 3050 580 3091 add.
614 3053 658 3091 et
688 3049 881 3091 creditur
910 3051 953 3091 B
1044 3047 1095 3092 16
1119 3055 1224 3104 post
1254 3051 1381 3093 modo
1415 3051 1521 3093 add.
1554 3053 1668 3093 enim
1697 3065 1725 3107 9
1808 3051 1858 3091 17
1892 3049 2024 3091 ostias
2056 3047 2104 3088 F

313 3121 546 3162 oblationis
577 3120 696 3176 ΥΦ9,
729 3122 973 3163 oblationes
1005 3122 1042 3164 S
1230 3123 1281 3163 18
1313 3123 1602 3164 sacerdotium
1636 3122 1727 3176 ΥΦ,
1761 3121 2033 3163 sacerdotum
2066 3117 2102 3160 S

312 3193 523 3234 chrismae
552 3206 591 3246 9,
625 3193 845 3246 chrysmae
883 3192 932 3246 Τ,
973 3193 1166 3247 chrysme
1196 3193 1306 3246 ΒΗ,
1340 3194 1522 3235 chrisme
1555 3194 1600 3246 S,
1641 3193 1884 3234 chrismatis
1916 3191 1975 3241 K,
2017 3191 2097 3231 cri-

257 3266 394 3305 smate
425 3263 492 3316 M,
525 3264 680 3305 crisma
710 3263 765 3316 F,
801 3263 984 3305 carisma
1018 3264 1108 3317 CB,
1142 3264 1356 3306 charisma
1388 3278 1408 3306 e
1538 3264 1776 3306 fabricatur
1815 3263 1868 3303 H
1981 3260 2098 3302 aedis

255 3333 302 3387 T,
334 3334 450 3377 sedis
480 3334 591 3388 FM,
625 3334 703 3375 sed
733 3335 777 3375 in
809 3334 876 3375 his
909 3335 970 3386 H,
1003 3335 1079 3376 sed
1114 3338 1157 3377 et
1188 3335 1275 3377 KS
1388 3336 1651 3377 testimoniis
1684 3335 1736 3375 H

299 3435 492 3467 XXXXIX.
517 3436 729 3468 Victorinus
753 3436 832 3467 Pet.
2017 3416 2042 3455 5
