2470 3718
730 238 1058 278 uerborum
1107 240 1166 279 et
1212 238 1659 282 elocutionum.

2034 246 2131 293 185

305 391 447 432 medio
481 391 594 432 exire
627 392 720 441 137,
755 393 796 432 8.
828 390 872 432 in
902 391 1044 432 medio
1078 392 1169 433 eius
1216 392 1443 435 mundare:
1469 396 1612 447 partes
1630 394 1707 435 has
1728 428 1735 436 .
1757 430 1764 437 .
1784 396 1980 437 mundari
2001 399 2135 447 J39,3

309 463 399 514 151,
431 465 456 503 3

248 533 434 575 medius:
466 533 607 575 medio
641 535 758 576 caelo
791 534 858 583 86,
895 534 965 586 133
1001 535 1075 586 87,
1109 535 1168 574 13,

310 606 405 658 130,
441 607 514 659 10,
548 607 633 655 131,
669 607 714 646 11

248 676 517 717 meminisse:
587 677 782 730 superius
843 676 1041 718 meminit
1100 678 1169 728 (z

306 749 536 799 memorat)
585 748 679 799 140,
726 748 765 789 9.
814 747 865 788 de
910 747 992 788 hoc
1036 760 1169 800 regno

305 819 503 859 meminit
550 819 747 860 dominus
803 819 897 872 154,
950 819 987 859 5.
1042 818 1170 859 huius

307 891 430 943 regni
467 891 732 931 mentionem
771 890 970 930 meminit
1011 890 1105 941 152,
1144 890 1171 930 4

250 961 404 1001 merito
438 961 617 1003 aduerb.
650 962 717 1011 58,
753 963 797 1010 53
832 962 907 1012 59,
940 962 982 1001 5.
1017 961 1112 1012 144,
1146 961 1170 1001 9

249 1033 447 1073 meritus:
489 1033 642 1073 merito
676 1033 804 1073 modo
836 1032 904 1084 64,
938 1033 1011 1085 10,
1043 1032 1170 1072 modo

306 1105 460 1145 merito
496 1105 566 1154 65,
601 1106 628 1142 9

250 1188 431 1216 messor:
487 1188 698 1216 messores
744 1176 813 1227 84,
862 1176 934 1224 12;
984 1176 1057 1228 85,
1106 1176 1170 1216 14.

309 1246 569 1286 messoribus
601 1246 668 1295 84,
704 1246 776 1298 11,
811 1247 883 1298 85,
917 1247 972 1287 12

249 1318 502 1359 miliarium:
535 1318 720 1372 septimo
753 1319 939 1359 miliario
966 1332 1169 1360 annorum

309 1391 347 1441 6,
380 1390 419 1431 9.
451 1390 685 1431 miliarium
716 1390 756 1444 6,
792 1391 843 1431 14

250 1461 466 1502 minister:
493 1461 569 1502 sub
594 1461 768 1502 nomine
792 1461 963 1502 Nicolai
988 1462 1174 1503 ministri

309 1534 379 1587 (z
398 1531 606 1585 διακόνου)
625 1533 693 1586 34,
713 1534 761 1574 11
778 1550 786 1582 ;
805 1535 874 1585 35,
894 1534 961 1574 12.
985 1534 1174 1574 ministri

265 1627 279 1638 ·
327 1624 380 1639 :z
405 1604 648 1659 λειτουργοί)
683 1604 751 1645 dei
787 1606 883 1657 154,
917 1605 940 1646 2

249 1676 389 1716 minus
408 1675 728 1717 dicerezminus
749 1676 856 1718 dixit
877 1679 947 1728 (=
959 1676 1171 1732 ἐμείωσεν)

308 1745 376 1796 86,
409 1749 448 1788 2.
481 1748 527 1797 5,
562 1748 636 1799 87,
671 1750 712 1789 2.
745 1750 774 1788 5

250 1819 424 1859 mittere
472 1818 721 1860 scandalum
768 1819 840 1873 (z
875 1818 1013 1869 βαλεῖν
1055 1819 1174 1860 σκάν-

311 1889 452 1940 δαλον)
495 1891 562 1938 36,
611 1891 683 1939 12;
729 1891 815 1945 (37,
864 1891 959 1941 12),·
1006 1893 1077 1943 37,
1122 1891 1177 1931 17

252 1960 489 2002 modicum:
522 1963 624 2014 post
654 1961 870 2002 modicum
904 1959 1003 2010 147,
1040 1962 1083 2001 11

252 2031 380 2073 modo
401 2032 580 2074 aduerb.
605 2033 693 2086 131,
716 2033 750 2073 Ι.
773 2033 867 2084 148,
896 2034 962 2075 10.
988 2033 1024 2073 si
1048 2033 1174 2074 modo

313 2103 408 2154 102,
471 2104 509 2145 3.
569 2104 698 2145 modo
755 2117 850 2146 cum
876 2137 884 2144 .
915 2139 920 2144 .
951 2105 1045 2148 118,
1103 2105 1173 2154 13,

310 2175 399 2228 119,
432 2176 488 2216 14

251 2246 379 2288 modo
400 2281 406 2288 .
429 2247 581 2288 ‚modo
604 2282 611 2289 .
634 2247 785 2288 .modo
833 2248 1063 2302 quinquies
1108 2248 1177 2297 64,

312 2318 502 2367 17-193
535 2322 691 2371 quater
724 2319 795 2370 65,
830 2319 999 2359 15-17

253 2389 426 2429 modus:
461 2390 592 2430 simili
616 2388 742 2430 modo
772 2390 866 2442 138,
901 2391 939 2431 6.
964 2414 1016 2418 —
1043 2390 1177 2430 omni-

309 2459 436 2500 modo
471 2460 538 2510 34,
575 2461 611 2501 1.
645 2461 690 2510 53
724 2462 793 2513 35,
825 2462 860 2500 1.
893 2462 922 2500 5

253 2531 408 2571 moles:
441 2533 580 2572 totam
610 2531 766 2572 molem
798 2531 927 2572 istam
961 2531 998 2580 3,
1033 2534 1057 2573 5

254 2601 415 2642 moliri:
448 2602 628 2642 molitur
650 2604 721 2654 (=
740 2601 977 2656 ἐνεργεῖται)
1013 2602 1107 2655 102,
1133 2602 1176 2656 83

312 2675 409 2726 103,
443 2674 483 2715 8.
515 2673 787 2714 malitiam..
805 2673 984 2714 molitur
1012 2674 1105 2726 102,
1131 2675 1180 2725 9,-

312 2746 408 2798 103,
447 2747 474 2786 9

254 2817 434 2858 morari:
467 2816 595 2870 longe
628 2817 786 2857 morari
819 2815 895 2857 abs
927 2818 971 2856 te
1003 2816 1071 2867 32,
1106 2816 1177 2868 16,

312 2892 376 2937 33,
410 2889 464 2928 16

254 2972 422 3000 morsus
454 2959 679 3000 hominum
710 2959 777 3008 84,
810 2959 857 3010 2,
891 2959 965 3010 85,
999 2961 1029 3000 2

256 3030 524 3072 mortalitas:
556 3032 701 3083 pestes
727 3032 770 3071 et
792 3030 1085 3071 mortalitates
1111 3031 1177 3082 72,

313 3102 360 3154 3,
397 3103 463 3150 73,
501 3101 528 3140 6

255 3185 429 3213 mouere
455 3172 525 3225 (=
541 3171 635 3213 sich
658 3172 708 3212 in
723 3171 969 3225 Bewequnq
990 3174 1149 3221 setzen)
1166 3186 1179 3211 .-

315 3256 407 3284 cum
447 3242 521 3283 ille
559 3242 749 3283 mouerit
786 3242 837 3283 ab
883 3243 1050 3283 oriente
1083 3241 1178 3294 118,

318 3313 393 3362 16,
426 3313 520 3365 119,
552 3314 609 3353 17

256 3384 443 3438 mugire:
474 3384 669 3425 tonitrua
699 3384 900 3438 mugiunt
930 3384 968 3435 6,
1010 3384 1063 3425 26

1217 465 1404 504 mutare:
1421 464 1684 505 mutabimur
1702 468 1771 516 (=
1787 465 2134 522 ἀλλαγησόμεθα)

1276 533 1369 585 142,
1405 534 1454 575 11

1217 606 1386 644 mutuo:
1420 607 1569 646 mutuo
1603 606 1836 647 miscentur
1872 608 1957 660 151,
1995 611 2021 649 7

1217 759 1422 799 namque:
1458 748 1496 798 1)
1522 749 1669 800 primo
1702 750 1924 790 enuntiati
1955 751 2045 792 loco
2069 752 2135 803 88,

1274 818 1319 868 2,
1354 832 1522 859 :nam
1551 820 1626 871 89,
1654 821 1693 860 6.
1719 845 1771 850 —
1791 821 1835 872 2)
1859 822 2048 863 secundo
2067 824 2137 864 uel

1275 890 1402 931 tertio
1435 890 1553 931 loco:
1582 905 1655 944 per
1686 891 1762 932 has
1795 905 1979 945 namque
2011 893 2136 934 horas

1276 963 1313 1013 9,
1347 963 1385 1002 5.
1418 962 1462 1002 hi
1495 965 1597 1004 sunt
1627 965 1924 1017 namque..9,
1958 965 1982 1004 8

1218 1047 1403 1086 namque
1438 1053 1491 1069 =
1516 1034 1601 1083 sed,
1637 1034 1678 1074 δέ
1712 1036 1785 1088 (cf.
1816 1035 1870 1076 B.
1903 1036 2141 1077 Dombartz‘

1276 1104 1436 1145 librum
1483 1104 1737 1157 ‘Octauius',
1783 1106 1971 1160 Erlauq.
2017 1109 2138 1153 1881,

1267 1189 1313 1228 p.
1347 1177 1461 1228 131).·
1497 1190 1682 1229 namque
1715 1178 1756 1217 in
1784 1179 2018 1230 conspectu
2045 1179 2140 1230 128,

1274 1247 1319 1294 4;
1361 1266 1414 1281 =
1446 1247 1521 1288 sed
1560 1248 1603 1287 in
1644 1251 1877 1303 conspectu
1918 1251 2020 1301 129,
2068 1253 2138 1291 10.

1275 1331 1459 1371 namque
1485 1317 1590 1359 deus
1623 1320 1839 1372 percutiet
1871 1323 1942 1369 (=
1967 1319 2142 1367 πατάξει

1278 1389 1319 1430 δέ
1352 1390 1505 1441 LXX)
1540 1390 1633 1441 152,
1669 1391 1688 1431 1

1220 1460 1417 1501 nationes
1450 1463 1519 1513 (z
1545 1462 1596 1502 τὰ
1628 1459 1753 1516 ἔθνη)
1778 1462 1846 1514 38,
1883 1462 1953 1512 15,
1986 1464 2056 1512 39,
2093 1463 2143 1501 10

1277 1534 1447 1585 (gentes
1487 1532 1630 1586 Vulq.)

1219 1604 1452 1644 natiuitas:
1485 1604 1735 1645 natiuitatis
1768 1607 1806 1653 8,
1840 1605 1907 1647 20.
1945 1605 2043 1657 149,
2076 1607 2143 1645 12.

1277 1676 1513 1716 natiuitate
1551 1676 1591 1728 8,
1639 1677 1677 1717 8.
1726 1676 1956 1717 secundum
2005 1677 2144 1717 carnis

1277 1746 1555 1787 natiuitatem
1583 1747 1677 1800 106,
1706 1748 1770 1787 11.
1797 1747 2029 1788 secundum
2050 1760 2140 1787 car-

1276 1830 1375 1858 nem
1406 1817 1656 1858 natiuitatis
1689 1818 1792 1865 107,
1825 1818 1879 1857 15

1220 1902 1273 1929 ne
1305 1890 1431 1941 putes
1464 1888 1530 1941 32,
1566 1888 1637 1941 16,
1678 1892 1741 1938 33,
1774 1889 1831 1929 16

1221 1972 1313 2012 nec,
1347 1972 1484 2012 neque
1509 1962 1578 2011 (z
1605 1959 1712 2012 οὐδέ,
1746 1960 1860 2000 auch
1885 1960 2042 2010 niolam:
2085 1960 2144 2000 sic

1279 2044 1357 2071 nec
1397 2031 1503 2071 satis
1537 2032 1603 2071 est
1632 2031 1700 2083 40,
1740 2031 1785 2080 93
1831 2032 1895 2080 41,
1938 2033 2004 2071 10.
2045 2031 2145 2072 item

1278 2102 1347 2151 42,
1381 2103 1426 2153 2,
1480 2105 1547 2154 43,
1582 2104 1623 2143 2.
1663 2103 1731 2154 64,
1766 2104 1809 2149 5;
1862 2103 1933 2150 65,
1967 2104 2008 2142 5.
2050 2102 2144 2154 108,

1278 2174 1325 2226 4,
1365 2174 1467 2227 109,
1503 2177 1543 2215 4.
1585 2173 1659 2214 sed
1690 2187 1830 2227 neque
1862 2173 1927 2214 illi
1961 2173 2015 2214 ad
2046 2174 2146 2214 illos

1279 2246 1464 2286 transire
1511 2247 1695 2299 possunt
1735 2246 1800 2294 74,
1851 2245 1923 2298 12;
1975 2246 2045 2296 75,
2092 2246 2147 2286 12

1222 2329 1414 2358 necesse:
1440 2316 1613 2370 tepidus
1632 2316 1689 2356 sit
1705 2329 1879 2357 necesse
1899 2318 1965 2357 est
1980 2316 2049 2365 42,
2079 2317 2143 2358 15.

1279 2400 1455 2429 necesse
1488 2388 1620 2428 habet
1652 2390 1696 2428 et
1728 2387 1928 2428 exhibere
1960 2387 2028 2436 98,
2072 2388 2143 2436 17,

1286 2460 1359 2509 99,
1393 2460 1447 2499 19

1223 2529 1385 2583 nequid
1416 2533 1486 2580 (=
1510 2531 1581 2581 ue)
1617 2530 1654 2579 5,
1691 2530 1741 2570 12

1224 2600 1437 2654 nequitia:
1469 2600 1688 2653 nequitias
1715 2599 1948 2639 aduersarii
1974 2599 2036 2647 38,
2073 2599 2145 2651 10,

1282 2691 1334 2707 =
1367 2671 1606 2724 nequitiam
1640 2673 1710 2721 39,
1743 2671 1790 2710 11

1224 2743 1350 2784 nihil:
1392 2742 1445 2783 ad
1476 2742 1587 2783 nihil
1620 2741 1739 2783 aliud
1764 2772 1773 2782 .
1794 2741 1903 2782 .nisi
1938 2741 2030 2789 116,
2073 2741 2144 2789 15;

1280 2815 1373 2862 117,
1404 2814 1472 2854 17.
1516 2826 1563 2853 ex
1588 2812 1724 2853 nihilo
1758 2813 1795 2862 3,
1837 2813 1861 2853 6

1223 2885 1478 2926 nominatim
1509 2885 1577 2936 26,
1612 2885 1683 2933 17,
1729 2886 1803 2932 27,
1835 2885 1892 2924 18

1224 2970 1320 2997 nos:
1355 2955 1400 2997 id
1430 2969 1509 2996 nos
1542 2955 1728 3008 legimus
1753 2955 1796 2994 in
1822 2954 1944 2995 Actis
1970 2955 2144 3006 aposto-

1279 3028 1418 3068 lorum
1452 3026 1548 3074 108,
1582 3027 1621 3075 9;
1658 3026 1759 3073 109,
1792 3026 1850 3066 10

1223 3101 1345 3139 nota:
1393 3097 1610 3149 accipiant
1647 3099 1794 3136 notam
1835 3097 1906 3146 (τ-
1938 3093 2146 3149 χάραγμα,

1282 3169 1571 3209 characterem
1598 3166 1740 3219 Vulq.)
1769 3166 1863 3217 128,
1888 3166 1934 3214 8;
1964 3166 2065 3217 129,
2091 3166 2147 3205 14

1223 3239 1457 3280 nouissime
1491 3238 1558 3290 58,
1593 3237 1665 3286 12;
1699 3238 1775 3288 59,
1807 3238 1862 3277 12

1224 3310 1505 3351 nouissimus:
1530 3309 1575 3349 in
1601 3309 1834 3349 nouissimo
1859 3310 1930 3359 79,
1957 3309 2023 3348 12.
2052 3306 2146 3358 150,

1284 3381 1348 3424 10.
1388 3380 1432 3421 in
1470 3380 1707 3420 nouissimo
1739 3383 1932 3433 tempore
1965 3378 2031 3429 66,
2075 3378 2146 3428 19,
