2470 3718
162 707 181 740 5

140 1133 182 1165 10

145 1559 186 1592 15

733 193 992 234 Recensio
1025 193 1330 247 Hieronymi
1362 194 1461 235 XXI
1497 197 1531 236 1.
1956 202 2054 249 149

210 348 427 397 lumen
473 349 564 398 ibi
611 365 729 398 non
787 364 946 409 esse,
997 349 1146 413 quia
1202 365 1404 414 agnus
1461 354 1562 400 est
1614 353 1718 400 lux
1776 353 1937 403 eius:
1995 358 2057 403 et

211 437 436 497 portae
478 434 619 483 eius
662 435 730 483 de
772 435 1064 499 singulis
1115 436 1517 499 1nargaritiS‚
1566 440 1788 487 ternae
1827 442 2054 501 portae

214 535 280 568 ex
319 521 421 570 IIII
459 521 786 585 partibus,
829 525 888 570 et
929 521 1147 570 claudi
1195 537 1310 570 non
1350 538 1566 586 posse:
1608 524 1886 573 ‘ciuitatem
1931 540 2054 587 qua-

214 605 424 655 dratam'
457 609 748 656 sanctorum
781 607 1051 656 adunatam
1093 608 1294 656 turbam
1337 608 1574 669 ostendit,
1608 609 1656 657 in
1700 610 1883 672 quibus
1917 611 2054 659 nullo

211 691 362 741 modo
409 692 534 741 fides
580 692 824 742 fluctuare
870 693 1054 756 potuit,
1104 693 1238 742 sicut
1285 693 1346 742 ad
1392 692 1498 743 Noe
1545 694 1869 758 praecipitur,
1910 698 1968 743 ut
2001 711 2054 743 ex

214 777 473 839 quadratis
520 778 674 843 lignis
722 778 910 827 faceret
956 793 1138 839 arcam,
1190 794 1317 842 quae
1366 779 1548 827 diluuii
1602 782 1778 843 posset
1829 781 2052 844 impetus

210 862 356 912 ferre.
397 864 663 927 ‘pretiosos
703 863 917 927 lapides'
956 863 1111 913 fortes
1150 864 1200 913 in
1241 865 1593 928 persecutione
1633 865 1769 915 uiros
1812 865 2051 919 ostendit,

214 948 302 1011 qui
347 963 437 998 nec
477 951 781 1013 tempestate
828 952 1214 1013 persecutorum
1256 950 1450 999 moueri
1488 965 1577 999 nec
1617 950 1813 1013 impetu
1852 950 2057 1014 pluuiae

215 1049 241 1082 a
280 1050 399 1083 uera
437 1034 533 1084 fide
574 1034 790 1084 dissolui
829 1036 1121 1098 potuerunt.
1155 1038 1423 1099 propterea
1455 1040 1591 1084 ‘auro
1626 1036 1831 1084 mundo’
1865 1036 2055 1084 socian-

213 1121 310 1179 tur,
367 1135 422 1168 ex
478 1120 661 1183 quibus
714 1120 848 1184 regis
904 1119 1074 1185 magni
1129 1120 1312 1169 ciuitas
1361 1121 1642 1170 decoratur.
1691 1122 1890 1184 ‘platea‘
1936 1136 2057 1170 uero

215 1220 387 1254 eorum
436 1206 724 1255 ostenditur
770 1205 920 1256 corda
967 1207 1026 1254 ab
1084 1206 1318 1256 omnibus
1375 1207 1616 1255 mundata
1672 1207 1924 1266 sordibus,
1971 1206 2059 1255 ubi

215 1290 507 1340 deambulet
561 1291 813 1340 dominus,
862 1291 1065 1340 ‘flumen
1114 1307 1234 1341 uero
1282 1291 1437 1341 uitae'
1485 1292 1730 1355 spiritalis
1776 1291 2059 1341 natiuitatis

214 1390 411 1425 currere
445 1377 658 1441 gratiam
692 1377 930 1427 ostendit.
964 1378 1171 1442 ‘lignum
1207 1377 1344 1426 uitae
1377 1393 1432 1426 ex
1465 1381 1678 1440 utraque
1710 1377 1834 1439 ripa'
1869 1376 2058 1427 Christi

216 1463 495 1512 secundum
537 1478 735 1512 carnem
775 1463 1000 1513 ostendit
1039 1463 1333 1522 aduentum,
1368 1478 1518 1526 quem
1559 1465 1830 1511 uenturum
1867 1466 1917 1511 et
1947 1477 2060 1526 pas-

217 1564 389 1597 surum
417 1552 568 1598 uetus
599 1551 677 1598 lex
710 1549 957 1613 praedixit
987 1552 1038 1598 et
1068 1549 1116 1598 in
1151 1550 1418 1614 euangelio
1452 1548 1821 1597 manifestatur.
1845 1548 2058 1597 ‘fructus

213 1649 332 1683 uero
374 1634 476 1684 XII
514 1651 602 1699 per
641 1636 870 1700 singulos
912 1641 1132 1685 menses'
1170 1635 1267 1684 XII
1307 1635 1656 1700 apostolorum
1690 1634 1918 1682 diuersae
1952 1649 2059 1699 gra-

213 1719 314 1768 tiae
343 1720 694 1782 ostenduntur,
723 1737 846 1785 quas
873 1721 933 1770 ab
968 1736 1066 1769 uno
1100 1721 1237 1786 ligno
1273 1721 1436 1770 crucis
1470 1720 1808 1783 suscipientes
1841 1720 2057 1783 populos

213 1806 345 1854 fame
386 1809 717 1870 consumptos
758 1807 901 1856 uerbi
943 1807 1021 1856 dei
1062 1807 1437 1871 praedicatione
1478 1806 1682 1854 satiant.

355 1947 379 1986 5
413 1946 465 1987 cf.
500 1946 603 1988 Gen.
634 1948 673 1995 6,
708 1947 758 1987 13
791 1960 854 2000 sq.
947 1947 998 1987 10
1029 1947 1145 1999 regis
1177 1947 1324 1999 magni
1357 1945 1528 1999 ciuitas]
1564 1944 1615 1986 cf.
1649 1944 1805 1985 Matth.
1839 1945 1878 1996 5,
1913 1944 1965 1985 35

270 2031 294 2071 2
328 2034 473 2084 portas
502 2045 541 2085 9,
572 2032 674 2072 item
705 2031 877 2072 Beatus
892 2045 940 2084 p.
971 2034 1066 2073 566
1154 2034 1304 2084 portae
1330 2031 1462 2084 (alt.)]
1491 2030 1594 2071 add.
1621 2031 1713 2070 eius
1745 2029 1821 2070 OB
1910 2030 2060 2081 portae

214 2115 262 2142 ex
293 2102 395 2155 IIII]
431 2103 650 2156 quaternis
684 2103 764 2144 IK
899 2104 923 2144 3
956 2104 1197 2156 ciuitatem]
1231 2103 1334 2143 add.
1368 2103 1542 2155 inquam
1574 2115 1600 2155 9
1748 2099 1953 2154 quadram
1983 2099 2060 2139 CB

215 2175 238 2213 5
271 2173 325 2214 ad
362 2174 490 2219 TFS,
526 2177 569 2215 et
600 2179 697 2225 cet.,·
730 2176 789 2227 cf.
825 2174 933 2215 Gen.
971 2178 1012 2222 6,
1043 2177 1119 2215 13.-
1153 2174 1262 2214 dixit
1293 2173 1347 2214 ad
1378 2173 1471 2214 Noe
1635 2173 1659 2213 6
1690 2172 1880 2225 impetus
1913 2174 2061 2224 posset

212 2244 323 2285 ferre
356 2245 436 2285 IK
522 2247 544 2286 7
579 2247 756 2298 pretiosi
791 2245 872 2286 JK
963 2246 1114 2299 fortes]
1150 2246 1222 2298 qui
1254 2245 1463 2286 fluctuare
1495 2257 1581 2284 non
1614 2245 1796 2297 possunt
1828 2241 1864 2282 S
1965 2255 2059 2294 per-

212 2316 451 2369 secutione]
488 2317 592 2358 add.
624 2320 798 2358 sanctos
831 2317 866 2358 S
1010 2316 1205 2357 ostendit
1235 2329 1316 2356 om.
1354 2315 1444 2368 CB,
1478 2314 1717 2355 ostendunt
1748 2312 1778 2352 Ι
1893 2312 1917 2353 8
1949 2313 2060 2351 tem-

212 2388 400 2440 pestate]
431 2402 507 2441 per
535 2391 841 2441 tempestatem
867 2388 922 2440 F,
947 2390 1167 2441 potestate
1193 2385 1234 2429 23
1264 2391 1333 2438 (z
1359 2387 1545 2440 Beatus)
1634 2383 1971 2438 persecutiorum
2010 2381 2060 2429 T,

212 2459 559 2510 persecutionum
582 2459 655 2500 Ke
713 2460 737 2500 9
771 2474 794 2499 a
826 2472 905 2500 om.
937 2459 975 2499 T
1062 2459 1174 2499 solui
1203 2457 1281 2498 CB
1368 2459 1574 2511 poterunt
1611 2455 1740 2507 TIK,
1773 2454 1997 2508 potuerint
2029 2452 2064 2494 S

271 2542 420 2570 aurum
452 2530 661 2570 mundum
693 2531 884 2571 sociatur
914 2528 955 2571 513
1088 2528 1249 2570 mundo
1283 2541 1362 2569 om.
1396 2526 1533 2568 IKM
1677 2526 1730 2567 10
1764 2525 1989 2565 decoretur
2020 2523 2059 2567 Ἡ

271 2601 418 2654 platea
454 2601 680 2648 TFJKM
713 2602 883 2655 plateae
916 2606 992 2642 cet.
1055 2601 1105 2641 11
1142 2599 1385 2640 ostenditur
1415 2598 1464 2645 T,
1499 2597 1736 2638 ostendunt
1763 2595 1881 2648 CB9,
1916 2597 2060 2635 osten-

215 2670 375 2712 duntur
397 2672 622 2725 IKMSOE,
657 2673 912 2714 ostendatur
935 2672 981 2712 F
1066 2671 1283 2723 sordibus]
1317 2670 1417 2710 add.
1453 2669 1680 2722 perspicua
1711 2667 1806 2707 luce
1831 2665 2001 2719 fulgida
2026 2664 2061 2705 S

273 2742 364 2796 ubi]
399 2751 447 2783 ut
477 2743 630 2784 merito
657 2743 700 2783 in
725 2743 777 2782 iis
802 2742 838 2783 S
899 2743 949 2783 12
976 2741 1227 2783 deambulat
1251 2740 1393 2794 (-abat
1422 2738 1476 2792 G)
1502 2737 1607 2779 deus
1636 2737 1713 2778 CB
1802 2749 1905 2776 uero
1931 2748 2012 2776 om.
2035 2748 2062 2787 9

273 2814 482 2866 spiritalis
505 2814 653 2863 TFM,
673 2813 909 2867 spiritualis
928 2818 1003 2854 cet.
1065 2811 1295 2866 spiritalis.
1311 2809 1563 2862 ..ostenditl
1582 2807 1822 2863 spiritualis
1841 2806 2060 2847 doctrinae

214 2896 289 2937 per
302 2887 468 2925 mentes
484 2884 675 2925 fidelium
689 2898 857 2926 currere
872 2884 1057 2937 gratiam
1071 2885 1115 2924 et
1127 2882 1390 2935 multiplicia
1405 2881 1582 2921 odorum
1599 2878 1862 2932 germinasse
1875 2876 2061 2917 uirentia

216 2955 408 3012 ostendit
432 2955 466 2996 S
530 2957 578 2997 13
604 2955 711 3009 ripa]
745 2957 867 3009 parte
891 2954 973 2995 IK
1039 2955 1091 2994 14
1124 2966 1291 2994 carnem
1318 2966 1397 2994 om.
1430 2951 1506 2992 CB
1596 2949 1831 2991 aduentum
1866 2946 2061 2987 ostendit

215 3028 299 3077 (-et
323 3026 368 3079 Ι)
386 3026 466 3067 IK
538 3040 663 3080 quem
684 3060 692 3068 .
713 3060 720 3067 .
741 3028 822 3068 lin.
845 3029 902 3067 17
919 3025 1210 3066 ostenduntur
1233 3037 1314 3064 om.
1344 3037 1371 3076 9
1433 3023 1484 3064 15
1517 3023 1693 3062 uetusta
1721 3019 1769 3061 F
1855 3020 1898 3059 et
1930 3030 2060 3058 euan-

215 3098 376 3151 gelium
402 3098 703 3139 manifestauit
719 3098 772 3147 23,
793 3100 837 3138 et
859 3110 936 3151 per
961 3111 1026 3138 eu.
1045 3097 1129 3137 iam
1153 3095 1484 3136 manifestatum
1511 3095 1578 3136 est
1594 3091 1630 3132 S
1690 3091 1740 3131 16
1765 3089 2060 3142 apostolorum

214 3182 295 3211 om.
321 3170 456 3211 IKM
524 3170 572 3210 17
600 3168 847 3209 ostenditur
868 3168 916 3209 F
1000 3181 1105 3222 quas
1136 3167 1226 3215 CB,
1252 3178 1361 3219 quae
1387 3164 1431 3214 S,
1459 3176 1584 3217 quam
1603 3161 1737 3213 IK‘B,
1763 3172 1888 3213 quem
1912 3157 2059 3209 TFM,

216 3241 290 3294 qui
310 3254 338 3294 9
425 3241 579 3293 crucis]
610 3240 714 3281 add.
740 3240 877 3280 uitam
898 3253 925 3293 9
1007 3238 1247 3292 suscipiens
1274 3236 1457 3291 populus
1483 3235 1596 3275 fame
1622 3233 1902 3284 censumptus
1927 3228 2058 3269 uerbo

214 3312 551 3366 praedicationis
583 3311 766 3352 satietur
797 3310 879 3350 IK
960 3310 1010 3351 18
1043 3309 1264 3350 saciantur
1300 3306 1393 3358 TF,
1426 3300 1607 3346 satiauit
1632 3317 1659 3356 9
