2470 3718
336 129 436 178 142
936 131 1124 176 Editio
1159 134 1438 179 Victorini
1470 137 1550 180 XX
1583 140 1623 181 2.

330 288 382 337 et
430 287 669 353 speciosa
717 305 809 354 per
857 290 987 344 hanc
1038 294 1351 361 scripturam
1402 314 1644 364 expressa
1695 304 1789 353 est.
1837 305 1968 357 hanc
2015 308 2237 373 primam

327 375 764 427 resurrectionem
805 380 856 429 et
896 379 1095 432 Paulus
1138 382 1202 433 ad
1245 386 1520 437 ecclesiam
1562 388 1926 444 Macedoniam
1966 394 2041 445 ita
2081 396 2232 449 dixit:

327 461 446 513 hoc
482 463 648 514 enim
683 466 879 518 uobis
912 468 1009 520 ita
1044 469 1349 535 dicimus,
1375 473 1563 540 inquit,
1591 477 1652 528 in
1687 480 1891 531 uerbo
1929 481 2046 547 dei,
2083 486 2233 550 quia

325 550 467 614 ipse
521 551 828 606 dominus
879 557 1353 612 suscitaturus
1403 562 1464 613 in
1514 565 1675 616 tuba
1719 567 1825 618 dei
1867 569 2232 624 descendet

325 638 396 690 de
433 640 644 701 caelo;
690 644 751 692 et
783 645 1033 695 mortui
1066 646 1128 697 in
1173 646 1441 701 Christo
1486 653 1767 706 stabunt
1807 657 2020 722 primi,
2059 660 2231 712 dein·
2287 680 2306 713 5

324 725 397 777 de
452 743 585 791 nos,
643 730 755 795 qui
810 731 1129 797 uiuimus⁷
1188 736 1391 788 simul
1440 741 1785 807 rapiemur
1833 760 1973 796 cum
2025 748 2119 799 eis
2168 749 2230 800 in

322 815 618 869 nubibus
666 817 728 868 in
779 820 1043 872 obuiam
1096 823 1358 877 domino
1409 828 1496 893 <in
1540 834 1690 882 a'e'ra
1733 835 1796 883 et
1833 833 1931 885 ita
1973 851 2231 903 semper

321 917 462 953 cum
512 903 802 973 domino>
853 909 1118 961 erimus.
1169 912 1471 966 audiuimus
1516 916 1618 969 dici
1662 920 1905 981 ‘tubam';
1950 922 2228 975 obseruan-

317 989 442 1041 dum
492 994 597 1043 est:
639 994 739 1045 alio
787 996 902 1047 loco
953 1000 1226 1063 apostolus
1277 1001 1431 1054 aliam
1474 1006 1656 1057 tubam
1697 1009 1948 1064 nominat.
1990 1011 2063 1062 ait
2104 1028 2225 1081 ergo

318 1078 382 1129 ad
424 1078 746 1134 Corinthios:
790 1084 851 1134 in
893 1087 1269 1140 nouissima
1317 1091 1478 1143 tuba
1524 1097 1773 1147 mortui
1825 1103 2108 1166 surgent
2157 1131 2224 1137 —
2260 1122 2302 1155 10

316 1166 619 1221 inmortales
669 1170 797 1222 fient
843 1204 914 1209 —
963 1177 1025 1226 et
1073 1192 1190 1228 nos
1248 1181 1675 1235 mutabimur.
1727 1190 1964 1238 mortuos
2015 1189 2224 1254 quidem

462 1370 487 1411 3
521 1370 541 1411 Ι
575 1371 729 1415 Thess.
762 1374 804 1428 4,
841 1375 1011 1418 15—17
1047 1378 1121 1432 (ef.
1162 1378 1243 1422 Th.
1270 1381 1409 1425 Zalm
1439 1383 1592 1427 Gesch.
1630 1386 1704 1429 des
1735 1392 1997 1432 neutestam.
2022 1390 2224 1435 Kamous

314 1440 415 1495 lp.
452 1444 558 1495 816)
657 1445 709 1488 10
742 1445 762 1487 l
798 1445 895 1491 Cor.
932 1449 1001 1502 15,
1036 1449 1091 1491 52

373 1559 392 1599 1
430 1561 474 1600 et
505 1560 680 1615 scripsi,
716 1565 784 1605 est
817 1566 860 1606 A
981 1566 1111 1623 hano]
1147 1567 1316 1613 Paulus
1340 1572 1383 1613 A
1415 1574 1467 1616 in
1498 1588 1581 1630 my.
1677 1578 1699 1618 7
1737 1578 1781 1619 in
1816 1585 1918 1622 aera
1953 1615 1960 1623 .
1998 1613 2006 1622 .
2042 1581 2219 1624 domino

308 1643 391 1673 om.
426 1634 469 1674 Α
493 1639 683 1688 propter
722 1638 1132 1695 homoeotelewtom
1172 1643 1229 1696 cf.
1276 1644 1558 1690 Tertulliani
1599 1650 1765 1693 librum
1806 1652 1858 1695 de
1897 1656 2221 1698 resurrectione

307 1706 464 1748 carnis
497 1719 531 1748 c.
569 1711 638 1761 41,
673 1709 753 1751 ubi
782 1711 939 1753 statim
974 1713 1097 1756 locus
1128 1715 1162 1756 I
1196 1715 1295 1759 Cor.
1321 1719 1389 1770 15,
1417 1720 1472 1761 51
1496 1734 1556 1776 sq.
1590 1724 1794 1777 sequitur
1888 1726 1942 1770 10
1976 1727 2031 1770 ad
2065 1728 2219 1771 Corin-

305 1778 442 1834 thios]
496 1780 664 1824 Paulus
722 1786 952 1839 apostolus
1002 1786 1058 1829 ad
1100 1790 1345 1834 corinthios
1395 1792 1448 1836 de
1497 1797 1744 1840 nouissima
1791 1799 1901 1843 tuba
1947 1802 1987 1843 A
2037 1803 2088 1845 in
2134 1817 2217 1858 my.

306 1852 358 1893 11
397 1852 596 1910 quidem]
631 1855 764 1899 homo
800 1858 905 1901 add.
940 1859 983 1902 A
1016 1862 1097 1913 ml,
1133 1862 1215 1906 deo
1248 1868 1325 1907 m2
