2470 3718
298 137 367 187 82
824 132 1012 176 Editio
1046 132 1327 175 Victorini
1360 132 1619 176 VII—VIII
1656 135 1690 176 1.

295 295 472 348 filios
531 298 592 346 et
648 311 751 347 cor
807 294 1078 346 hominis
1137 296 1210 347 ad
1255 296 1601 361 proximum
1659 313 1859 361 suum,
1915 298 1969 349 id
2017 302 2098 350 est
2148 299 2212 351 ad

298 382 569 435 Christum
601 399 694 450 per
725 382 1127 451 paenitentiam;
1166 380 1276 453 [fol.
1317 382 1418 455 12‘]
1457 387 1780 438 ‘conuertere
1815 386 1970 438 eorda
2000 389 2211 454 patrum

294 470 358 522 ad
407 470 589 523 filios':
650 471 949 523 secundum
989 475 1204 538 tempus
1247 473 1542 524 uenationis
1583 473 1776 525 Iudeos
1827 474 1890 525 ad
1940 475 2209 542 sequentis

293 560 477 626 populi
532 560 691 612 fidem
746 576 1007 612 reuocare.
1067 563 1119 612 et
1173 560 1292 613 ideo
1351 561 1585 613 ostendit
1635 561 1793 614 etiam
1834 578 2109 615 numerum
2153 579 2213 616 ex

291 647 472 700 Iudeis
515 648 840 700 crediturum
883 651 934 700 et
977 665 1035 701 ex
1077 650 1323 717 gentibus
1366 666 1611 718 magnam
1653 651 2068 703 multitudinem.
2266 670 2284 699 5

1115 822 1241 866 CAP.
1277 822 1400 866 VIII.

364 925 511 976 Mitti
553 929 732 978 autem
776 926 838 978 de
883 927 1024 979 eaelo
1070 928 1330 979 orationes
1374 929 1630 981 ecclesiae
1672 930 1735 980 ab
1780 931 1963 997 angelo
2008 932 2058 982 et
2100 947 2211 983 sus-

296 1014 399 1080 cipi
448 1030 534 1065 eas
593 1016 646 1065 et
696 1017 875 1067 contra
924 1015 1120 1067 effundi
1174 1016 1307 1066 iram
1358 1019 1409 1067 et
1467 1018 1751 1069 scotomari
1800 1033 2019 1087 regnum
2067 1019 2213 1070 Anti-

295 1102 479 1154 christi
518 1118 612 1168 pei·
653 1103 866 1171 angelos
911 1107 1123 1156 sanctos
1160 1107 1211 1156 et
1244 1105 1295 1155 in
1332 1106 1607 1173 euangelio
1641 1106 1897 1174 legimus3
1944 1107 2017 1159 ait
2051 1108 2211 1159 enim:

295 1193 480 1255 orate,
508 1207 577 1243 ne
611 1191 912 1245 incidatis
939 1193 999 1244 in
1026 1194 1522 1260 temptationem.
1558 1195 1678 1246 erit
1712 1196 1872 1246 enim
1907 1196 2213 1263 angustia
2244 1212 2288 1246 10

291 1295 527 1347 magna,
566 1280 773 1347 qualis
808 1297 923 1333 non
965 1281 1090 1333 fuit
1125 1283 1194 1333 ab
1229 1282 1413 1334 initio
1449 1299 1557 1335 nee
1592 1284 1661 1335 ab
1698 1285 1952 1352 origine
1985 1284 2213 1349 mundi,

292 1371 355 1419 et
394 1368 519 1420 nisi
564 1368 851 1421 dominus
893 1370 1258 1424 breuiasset
1293 1372 1426 1423 dies
1467 1373 1638 1436 illos,
1683 1389 1797 1425 non
1833 1376 2003 1426 esset
2037 1375 2215 1426 salua

293 1456 423 1508 ulla
472 1473 611 1509 earo
656 1475 842 1525 super
882 1462 1127 1512 terram.
1174 1460 1270 1512 hos
1315 1476 1435 1528 ergo
1482 1462 1822 1529 archangelos
1866 1478 2085 1530 magnos
2114 1462 2215 1514 VH

292 1545 358 1596 ad
417 1546 820 1612 percutiendum
883 1563 1106 1616 regnum
1162 1548 1477 1600 Antichristi
1539 1550 1735 1603 mittet.
1800 1567 1919 1602 nam
1984 1554 2035 1602 et
2097 1552 2212 1618 ipse

291 1633 537 1686 dominus
581 1635 710 1687 dixit
755 1637 808 1687 in
860 1638 1161 1705 euangelio:
1219 1641 1367 1689 tune
1423 1638 1608 1690 filius
1666 1640 1943 1691 hominis
2000 1640 2215 1692 mittet
2245 1655 2288 1691 15

292 1723 547 1776 nuntios
591 1740 738 1776 suos
781 1728 838 1776 et
889 1726 1208 1794 colligent
1264 1728 1505 1779 eleetos
1558 1728 1690 1780 eius
1744 1728 1814 1780 de
1855 1729 1961 1780 ΙΙΠ
2001 1729 2212 1780 uentis

291 1827 321 1861 a
367 1810 607 1864 finibus
667 1813 827 1865 caeli
886 1831 1084 1881 usque
1137 1816 1207 1866 ad
1257 1816 1419 1867 fines
1471 1817 1622 1869 eius.
1665 1820 1717 1869 et
1758 1820 1876 1870 ante
1921 1817 2019 1868 ait:
2063 1821 2212 1870 tunc

440 1985 465 2027 5
500 1985 554 2029 of.
588 1987 728 2042 Apoc.
763 1988 802 2037 7,
838 1988 955 2030 4-—9
1060 1989 1084 2031 7
1121 1988 1176 2032 cf.
1210 1988 1321 2032 ibid.
1355 1990 1395 2042 8,
1430 1991 1455 2033 3
1490 2003 1588 2046 sqq.
1688 1990 1715 2032 8
1749 1989 1806 2032 of.
1839 1989 1947 2033 ibid.
1981 1990 2021 2045 8,
2056 1990 2081 2032 6
2116 2003 2212 2046 sqq.

291 2059 346 2102 10
379 2060 542 2102 Matth.
581 2062 651 2112 26,
684 2061 739 2104 41
777 2063 850 2115 (z
891 2061 1029 2105 Maro.
1068 2062 1135 2117 14,
1170 2063 1248 2115 383
1286 2063 1390 2107 Luc.
1428 2064 1498 2118 22,
1533 2065 1609 2118 46)
1745 2064 1910 2108 Matth.
1944 2065 2015 2118 24,
2049 2064 2120 2107 21.
2154 2064 2210 2106 22

291 2132 347 2175 ef.
379 2132 514 2176 Marc.
550 2135 620 2185 13,
659 2135 725 2179 19.
761 2135 816 2178 20
919 2135 971 2177 15
1004 2136 1170 2181 Matth.
1206 2138 1277 2191 24,
1313 2138 1363 2180 31
1465 2138 1517 2181 17
1551 2138 1687 2181 Mich.
1722 2140 1761 2193 5,
1796 2139 1835 2181 5.
1871 2140 1896 2182 6

349 2237 374 2278 3
399 2236 454 2278 ad
481 2238 731 2293 sequentis]
761 2237 1053 2294 adsequentis
1078 2239 1123 2281 A
1186 2240 1212 2283 8
1242 2240 1401 2283 effudit
1426 2242 1470 2284 A
1564 2242 1803 2284 scotomari
1827 2241 2002 2297 semesi,
2035 2241 2211 2298 percuti

291 2311 348 2358 A,
381 2312 437 2365 cf.
463 2311 585 2366 quod
613 2312 904 2367 subsequitur
937 2313 1016 2358 lin.
1044 2317 1124 2356 14:
1159 2313 1215 2357 ad
1246 2315 1587 2370 percutiendum
1620 2330 1807 2372 regnum
1900 2317 1926 2358 9
1962 2315 2026 2358 ait
2059 2316 2210 2372 enim],

291 2384 410 2426 enim
444 2385 508 2426 ait
540 2385 585 2427 A
680 2387 732 2429 16
774 2386 991 2443 colligent
1029 2387 1206 2443 scripsi,
1243 2388 1428 2445 colliget
1458 2389 1503 2431 A
1537 2409 1591 2425 z
1627 2387 1881 2444 ἐπισυνάξει,
1915 2390 1990 2432 cui
2022 2390 2206 2433 lectioni

290 2470 386 2500 non
419 2457 583 2502 desunt
616 2463 744 2503 testes
