2470 3718
363 130 533 182 LXIV
957 140 1679 196 ProlegomenalIIB3.

364 306 653 374 pretatione
681 322 787 372 cap.
816 306 862 367 1,
901 306 1031 366 1410,
1065 335 1135 341 —
1168 305 1221 355 id
1256 303 1395 370 quod
1427 320 1546 356 cum
1581 303 1969 356 necessitudine
2003 305 2274 356 cohaerere

363 394 589 458 uidetur,
634 409 764 460 quae
797 394 932 445 inter
963 393 1223 444 flammam
1268 392 1539 444 oculorum
1571 395 1638 459 (p.
1665 392 1750 452 21,
1782 392 1870 457 11)
1898 395 1950 443 et
1982 393 2274 445 claritatem

362 482 517 534 faciei
549 481 622 552 (p.
650 483 736 544 21,
775 481 863 548 13)
890 480 1169 533 intercedit
1200 511 1269 518 ——
1305 481 1484 532 statim
1520 480 1669 532 aliter
1701 482 1856 545 atque
1893 483 1941 531 Φ
1978 481 2275 546 explicatio-

364 587 481 622 nem
509 587 619 637 cap.
642 573 689 637 1,
722 573 827 622 15a
851 569 925 639 (p.
945 572 1032 633 27,
1061 569 1228 638 2ψ8)
1252 569 1495 635 praebuit
1512 573 1564 620 et
1587 569 2071 634 interpretationem
2098 586 2205 635 cap.
2228 572 2273 632 1,

367 659 476 711 15b
519 657 591 728 (p.
619 661 705 721 25,
752 660 983 719 174-27,
1031 656 1082 727 1)
1124 657 1539 724 postponendam
1581 673 1695 709 esse
1739 657 1956 711 curauit.

438 747 494 817 1))
529 748 712 799 Totam
750 748 1032 799 sectionem
1067 764 1113 813 p.
1144 748 1228 809 77,
1265 747 1460 810 3—-79,
1494 748 1524 796 2
1563 762 1619 797 ex
1653 745 1855 798 Ticonii
1890 747 2277 799 commentariis

365 837 724 902 depromptam
759 852 872 888 esse
907 836 968 886 ab
1006 837 1323 902 Hieronymo
1359 838 1410 887 et
1435 851 1463 886 a
1494 834 1877 901 posterioribus
1913 838 2276 887 conseruatam

365 941 522 991 supra
561 925 811 976 uidimus.
861 925 913 975 in
956 924 1055 975 fine
1097 924 1209 976 eius
1253 924 1502 975 sectionis
1542 923 1873 975 recensiones
1929 926 2030 976 ΥΦ
2070 929 2279 990 propter

365 1013 610 1065 foliorum
672 1014 722 1064 in
787 1013 1065 1080 archetypo
1136 1012 1598 1079 transpositionem
1668 1014 1776 1064 tam
1840 1012 1975 1062 male
2037 1012 2277 1065 turbatae

365 1104 526 1164 erant,
575 1106 633 1152 ut
680 1102 780 1152 tria
828 1117 962 1152 noua
1009 1101 1316 1167 Hieronymi
1365 1101 1721 1152 additamenta
1767 1117 1813 1166 p.
1844 1100 1927 1163 79,
1979 1101 2176 1163 7-81,
2228 1102 2276 1164 9,

364 1206 496 1257 quae
530 1191 1001 1255 subsequebantur,
1034 1192 1156 1255 post
1189 1205 1296 1255 cap.
1326 1190 1409 1253 12,
1445 1190 1475 1240 5
1496 1205 1523 1239 a
1557 1189 1769 1240 demum
1793 1189 2278 1255 interpretationem

366 1277 437 1345 (p.
468 1279 589 1340 109,
635 1280 724 1346 14)
764 1279 940 1330 locum
980 1278 1169 1329 habere
1208 1280 1437 1344 possent.
1487 1293 1760 1343 supremae
1799 1278 2119 1330 recensionis
2161 1294 2278 1329 auc-

366 1368 449 1417 tor
496 1367 741 1418 damnum
787 1367 1019 1431 resarsit,
1067 1367 1158 1418 sed
1206 1366 1375 1418 tribus
1425 1366 1796 1417 additamentis
1844 1369 2057 1432 propter
2103 1369 2277 1417 textus

367 1455 697 1521 apocalypsis
755 1454 1156 1506 similitudinem
1206 1455 1368 1505 alium
1420 1455 1595 1506 locum
1646 1455 1806 1518 dedit,
1853 1458 2009 1519 atque
2057 1455 2279 1520 primam

366 1543 678 1608 particulam
731 1542 804 1612 (p.
835 1544 920 1607 79,
977 1544 1183 1612 3--13)
1241 1543 1555 1609 expositioni
1612 1558 1718 1609 cap.
1746 1545 1794 1606 9,
1857 1543 1922 1593 13
1973 1548 2025 1594 et
2084 1545 2149 1593 14
2207 1546 2278 1594 at-

366 1632 551 1683 tribuit
605 1630 748 1700 (post
796 1633 955 1683 uerba
1008 1638 1191 1687 salacem
1238 1654 1343 1687 3333
1389 1638 1559 1704 possit
1608 1649 1656 1698 p.
1695 1633 1777 1696 87,
1830 1633 1934 1699 16),
1994 1631 2278 1683 secundam

366 1719 438 1789 (p.
467 1722 549 1782 79,
590 1721 821 1779 14-81,
856 1719 913 1789 4)
944 1721 1112 1786 priore
1139 1721 1252 1773 loco
1279 1721 1458 1786 posuit
1489 1725 1610 1787 post
1636 1722 1795 1772 uerba
1819 1726 2057 1776 caritatis
2087 1725 2279 1776 Roma-

369 1831 465 1864 nae
489 1807 561 1878 (p.
591 1811 675 1871 87,
716 1811 822 1877 11),
854 1810 1059 1861 tertiam
1090 1808 1158 1878 (p.
1191 1812 1277 1871 81,
1313 1809 1476 1879 5ψ-9)
1506 1810 1684 1861 statim
1714 1810 1970 1876 subsequi
1996 1809 2280 1862 secundam

369 1898 541 1949 uoluit
596 1902 751 1964 atque
807 1914 835 1948 a
891 1898 1088 1950 uerbis:
1165 1903 1248 1953 hic
1298 1904 1437 1967 finis
1492 1903 1756 1954 narrandi
1798 1904 1956 1968 fieret
2013 1897 2278 1966 (p.81,9)

368 1985 574 2037 transiit
616 1986 678 2036 ad
713 2002 822 2051 cap.
853 1988 899 2047 8,
940 1988 1004 2038 13
1046 1986 1554 2052 interpretationem:
1597 1996 1642 2041 et
1684 1992 1800 2042 uidi
1842 2008 2004 2041 mmm
2043 1991 2279 2058 aquilam

373 2080 630 2129 uolantem
669 2074 741 2143 (p.
770 2075 854 2135 87,
902 2074 1156 2144 12--16).

446 2163 495 2232 c)
544 2165 712 2215 Locus
770 2180 816 2229 p.
844 2164 932 2225 95,
987 2165 1017 2213 3
1067 2163 1373 2215 testimonio
1433 2167 1512 2216 est
1568 2166 1832 2216 auctorem
1891 2180 2165 2230 supremae
2205 2181 2279 2215 re-

371 2251 631 2303 censionis
682 2252 744 2302 ad
792 2257 996 2302 rectum
1052 2253 1418 2303 commentarii
1468 2253 1698 2305 ordinem
1754 2253 2139 2304 restituendum
2180 2268 2279 2304 non

369 2340 561 2392 auxilio
604 2340 765 2391 ullius
810 2341 1119 2405 exemplaris
1162 2341 1404 2392 editionis
1455 2341 1708 2394 Victorini
1752 2341 1992 2392 adiutum
2034 2357 2163 2393 esse.
2203 2357 2279 2392 re-

370 2428 531 2479 tinuit
565 2430 696 2479 enim
732 2431 853 2493 post
897 2429 1073 2480 uerba:
1116 2438 1311 2500 oportet
1344 2438 1389 2485 te
1420 2436 1611 2485 iteremus
1646 2434 1960 2502 praedicare
1999 2428 2071 2498 (p.
2102 2432 2187 2492 95,
2223 2429 2279 2499 3)

371 2517 963 2571 hanc-enuntiationem:
993 2539 1166 2573 omnes
1188 2528 1363 2591 qentes
1390 2546 1561 2574 .....
1565 2525 1755 2575 wando
1782 2522 1881 2571 etc.
1909 2518 1999 2588 (cf.
2022 2535 2137 2584 app.
2166 2519 2277 2570 crit.

371 2622 417 2670 p.
447 2608 532 2668 95,
560 2604 678 2674 31)),
709 2621 862 2672 quam
890 2607 1201 2657 sententiam
1238 2608 1299 2658 de
1334 2608 1503 2659 turbis
1529 2608 1842 2660 Antichristi
1882 2607 2278 2676 insurgentibus

371 2696 629 2759 pertinere
672 2694 735 2744 ad
778 2710 886 2760 cap.
911 2695 994 2757 12,
1025 2697 1096 2746 5a
1135 2694 1544 2766 (p.111‚1-—2)
1588 2697 1969 2764 expositionem
2010 2698 2165 2762 atque
2206 2695 2281 2746 ibi

373 2783 662 2849 ponendam
727 2799 841 2834 esse
899 2799 997 2834 non
1054 2785 1327 2843 intellexit,
1383 2785 1475 2836 sed
1517 2785 1766 2850 deceptus
1834 2785 1944 2836 suis
2010 2783 2278 2835 codicibus

372 2871 638 2923 damnosis
683 2871 890 2922 errauit.

449 2959 502 3018 d‘)
523 2960 649 3010 Post
664 2959 824 3010 uerba
837 2975 946 3024 cap.
968 2961 1048 3023 12,
1064 2961 1095 3010 3
1110 2976 1152 3010 a:
1167 2965 1238 3014 Et
1254 2966 1429 3015 uisum
1441 2967 1677 3016 estaliud
1691 2967 1899 3033 siquam
1918 2967 1974 3016 in
1994 2966 2129 3015 caelo
2144 2984 2159 3015 .·
2176 2981 2280 3015 ecce

372 3053 530 3102 draco
562 3051 752 3101 rubeus
782 3045 854 3115 (p.
884 3048 1005 3110 107,
1046 3048 1132 3116 17)
1167 3049 1339 3115 pergit
1372 3053 1433 3104 S:
1470 3053 1663 3105 habens
1695 3055 1872 3121 capita
1904 3058 2110 3121 septem.
2145 3053 2280 3121 quod

372 3144 546 3190 autem
571 3140 726 3189 illum
750 3139 877 3189 dicit
895 3140 1080 3190 coloris
1104 3157 1209 3190 esse
1231 3142 1402 3191 russei
1421 3139 1515 3188 etc.
1543 3140 1700 3203 atque
1726 3138 2030 3189 intermittit
2052 3136 2279 3203 primum

375 3238 486 3288 cap.
518 3224 601 3286 12,
638 3223 711 3274 31)
741 3223 1113 3289 expositionem
1141 3225 1232 3289 (z
1260 3241 1307 3291 p.
1340 3226 1461 3288 111,
1489 3227 1625 3276 3-1
1641 3225 1712 3294 1),
1747 3225 1931 3277 deinde
1958 3241 2068 3292 cap.
2093 3226 2177 3287 12,
2205 3226 2282 3275 4a

374 3310 855 3377 interpretationem
904 3308 998 3378 (z
1039 3328 1084 3377 p.
1114 3313 1236 3376 117,
1286 3314 1474 3381 1-8);
1522 3316 1637 3364 tum
1679 3314 1887 3366 demum
1937 3317 2058 3380 post
2096 3314 2277 3364 uerba:

372 3404 452 3453 ait
514 3404 843 3470 apocalypsis
906 3398 978 3467 (p.
1024 3402 1144 3464 117,
1211 3399 1268 3469 8)
1321 3402 1701 3469 transgreditur
1761 3402 1824 3452 ad
1885 3401 2280 3467 explicationem
