2470 3718
605 185 862 226 Recensio
894 183 1200 237 Hieronymi
1224 182 1323 223 XIV
1356 186 1397 223 et
1428 183 1550 223 XVII
1582 184 1707 225 3-4,
1975 188 2071 237 135

234 343 282 391 in
324 342 600 392 aduentum
641 340 854 399 domini;
898 342 946 388 et
987 338 1189 402 quidem
1229 338 1461 402 pluribus
1504 339 1770 401 speciebus
1814 340 1908 389 hoc
1947 341 2074 389 illud

237 427 472 486 ostendit,
515 418 649 475 sicut
679 427 745 474 ‘in
776 439 942 474 messe
976 424 1145 483 arida‘,
1181 423 1268 473 sed
1303 425 1460 472 semel
1491 424 1541 472 in
1574 424 1850 473 aduentum
1884 424 2074 474 domini
2109 430 2173 482 14,
2208 430 2259 471 15

237 515 286 560 et
333 510 786 561 consummationis
834 508 1010 558 mundi
1058 511 1107 557 et
1152 524 1365 573 regnum
1415 508 1604 558 Christi
1661 511 1710 558 et
1765 510 2073 572 apertionem

234 597 375 662 regni
418 599 708 646 sanctorum
748 596 978 644 futurum
1022 596 1113 643 est.

126 679 157 730 4
184 703 201 733 5
305 680 403 745 [Et
446 681 583 729 misit
628 679 834 744 encycliis
874 678 1056 743 falcem
1100 680 1145 726 ct
1188 676 1535 727 ‘uindemiaitit
1579 678 1783 727 uincam
1829 682 1989 728 {errae
2037 684 2078 729 ct
2110 701 2149 751 b)
2183 700 2286 740 add,
2318 698 2391 740 ΥΧ

237 768 372 815 misit
410 768 465 816 in
503 766 726 815 torcular
762 766 871 814 irae
909 763 1239 812 animationis
1277 762 1370 821 dci,
1405 765 1449 811 et
1480 762 1727 811 calcatum
1760 768 1827 812 est
1858 764 2078 814 torcular
2111 758 2175 810 14>
2211 758 2275 798 19·
2308 757 2361 798 20

234 853 359 915 foris
404 855 544 900 esim
596 852 899 912 ciuitatem]
947 849 1094 911 Quod
1140 852 1308 898 autem
1360 848 1484 897 dicit
1528 850 1800 898 missum
1848 850 1909 898 in
1958 854 2076 899 tor-

237 939 418 988 cular
456 938 589 986 irae
631 937 734 986 slei
775 939 834 986 et
875 936 1198 985 calcatum
1240 932 1418 983 extra
1458 934 1820 995 ciuitatem,
1864 935 2075 985 calcatio

236 1024 502 1074 torcularis
549 1023 816 1072 retributio
867 1024 944 1071 est
991 1020 1289 1085 peccatoris.
1342 1023 1401 1069 et
1449 1020 1624 1069 exiet
1676 1021 1944 1086 sanguis
1993 1021 2079 1083 [dc

165 1126 205 1158 10
236 1108 509 1171 torculari]
555 1123 763 1172 usque
812 1107 883 1156 ad
930 1107 1152 1156 frenos
1202 1121 1536 1169 equorum:
1578 1105 1706 1155 exiet
1745 1105 1872 1155 ultio
1914 1122 2076 1170 usque

237 1195 296 1243 ad
345 1194 596 1259 principes
645 1193 966 1258 populorum,
1015 1191 1065 1240 id
1114 1193 1193 1241 est
1238 1194 1476 1252 rectoreS,
1520 1191 1627 1241 siue
1669 1191 1926 1240 diabolum
1970 1192 2079 1240 siue

238 1281 442 1345 angelos
477 1279 599 1329 eius
631 1278 910 1328 nouissimo
940 1277 1210 1326 cert-amine
1238 1276 1368 1325 exiet
1394 1276 1522 1325 ultio
1551 1276 1812 1341 sanguinis
1841 1276 1987 1325 effusi
2014 1307 2080 1310 —

239 1366 372 1414 sicut
411 1367 522 1413 ante
561 1363 878 1426 praedictum
913 1364 1010 1411 est:
1050 1362 1110 1410 in
1152 1360 1476 1425 sanguine
1517 1360 1815 1424 peccasti
1858 1363 1918 1409 et
1950 1376 2079 1410 san-

242 1451 386 1515 guis
439 1453 496 1499 tc
538 1450 971 1514 persequetur
1011 1478 1077 1482 ——
1118 1462 1226 1511 per
1266 1446 1486 1496 stadia
1525 1446 1709 1495 mille
1751 1448 2078 1506 sexcenta,
2115 1456 2180 1509 14,
2212 1455 2266 1497 20

167 1554 207 1586 15
239 1537 289 1584 id
332 1539 409 1585 est
447 1551 534 1600 per
575 1550 747 1585 omnes
781 1533 957 1583 mundi
999 1535 1238 1597 quattuor
1276 1535 1460 1596 partes.
1496 1531 1806 1595 quaternitas
1840 1533 1918 1580 est
1949 1532 2081 1581 enim

385 1718 567 1770 9-137,
592 1717 616 1757 2
644 1718 698 1771 cf.
731 1717 858 1760 Beat.
883 1730 930 1769 p.
968 1718 1064 1757 460
1085 1728 1147 1768 sq.
1241 1715 1292 1755 13
1317 1714 1470 1755 Ezech.
1503 1715 1570 1767 35,
1605 1714 1628 1754 6
1659 1714 1736 1766 (εἰς
1770 1708 1869 1769 αἷμα
1899 1714 2083 1769 ἥμαρτες

241 1789 411 1843 LXX),
437 1790 492 1842 cf.
517 1789 704 1830 Hieron.
732 1788 781 1828 in
805 1788 960 1828 Ezech.
987 1786 1079 1827 XI:
1111 1785 1313 1839 quoniam
1339 1785 1542 1838 sanguini
1566 1783 1734 1825 tradam
1759 1784 1955 1825 te--siue
1980 1796 2084 1836 quo-

241 1862 355 1901 niam
388 1862 431 1900 in
465 1860 674 1913 sanguine
705 1860 1000 1913 peccasti-et
1033 1857 1209 1910 sanguis
1240 1859 1284 1897 te
1317 1859 1601 1910 persequetur
1632 1854 1793 1907 (XXV
1823 1857 1917 1895 333
1946 1854 2020 1905 M)

301 1974 319 2014 1
356 1973 547 2014 aduentu
582 1972 785 2025 CBHKy
899 1972 981 2012 hoc
1011 1970 1119 2012 illud
1153 1970 1223 2024 (=
1255 1971 1299 2010 τὸ
1335 1969 1452 2024 αὑτό)
1484 1968 1578 2022 ΤΦ,
1610 1969 1690 2010 hoc
1724 1970 1767 2010 et
1797 1967 1906 2009 illud
1938 1966 1983 2019 S,
2015 1966 2084 2007 hic

240 2045 350 2086 illud
385 2044 463 2086 CB
551 2045 575 2084 2
608 2045 652 2084 in
685 2057 847 2085 messes
881 2042 1024 2084 aridas
1059 2042 1093 2083 S
1187 2041 1261 2083 sed
1295 2042 1444 2095 semel]
1479 2045 1522 2082 et
1554 2053 1698 2081 semen
1731 2040 1766 2081 S
1854 2038 1928 2081 sed
1953 2052 2032 2080 om.
2057 2037 2090 2078 I

300 2115 490 2156 aduentu
522 2114 654 2155 HJK
809 2114 833 2155 3
868 2114 1180 2155 consummatio
1216 2112 1304 2163 IK,
1338 2112 1704 2153 consummatione
1738 2110 1782 2162 S,
1818 2122 2085 2150 consumma-

241 2188 404 2228 tionem
428 2186 509 2240 ]ily
624 2185 775 2227 mundi
807 2199 887 2226 om.
919 2185 995 2226 CB
1126 2185 1250 2238 regni
1286 2183 1363 2225 CB
1483 2183 1706 2238 apertione
1744 2182 1878 2233 CB‹1›,
1913 2181 2083 2235 appari-

241 2259 404 2300 tionem
426 2257 462 2299 S
518 2259 544 2298 4
568 2271 748 2310 regnum
767 2257 913 2306 IKM,
939 2257 1053 2309 regis
1071 2255 1125 2297 F
1195 2256 1463 2309 beatorumy
1542 2253 1775 2307 futuramy
1865 2255 1930 2293 est
1948 2265 2026 2293 om.
2054 2251 2090 2292 S

243 2330 266 2369 5
299 2329 548 2372 Et..ciuit.
583 2328 684 2368 add.
717 2328 754 2369 X
873 2327 1047 2380 falcem]
1081 2327 1183 2367 add.
1217 2340 1338 2367 suam
1370 2325 1423 2366 H
1524 2326 1547 2367 6
1582 2324 1858 2366 animationis
1890 2322 1987 2364 FH
2014 2321 2084 2373 (cf.

247 2401 375 2455 Cypr.
411 2400 461 2441 de
492 2401 631 2453 lapsis
663 2414 695 2441 c.
729 2402 802 2440 21:
834 2399 940 2440 iram
973 2398 1250 2440 animationis
1282 2411 1384 2439 sua-e
1418 2417 1471 2432 z
1503 2396 1629 2437 Esazf.
1667 2398 1738 2445 42,
1766 2398 1862 2447 25),
1895 2393 2086 2436 animad-

242 2473 453 2513 uersionis
492 2471 636 2524 IKM,
670 2484 750 2512 om.
783 2471 819 2512 S
933 2471 1123 2512 calcatus
1154 2469 1202 2510 F
1289 2470 1310 2509 7
1344 2469 1459 2510 foras
1492 2468 1557 2522 M,
1590 2467 1746 2509 furoris
1779 2466 1814 2508 S
1916 2465 2085 2519 quod..

244 2543 470 2585 ciuitatem
503 2555 584 2584 om.
617 2542 673 2582 M
788 2544 933 2582 autem
967 2554 1048 2583 om.
1080 2541 1118 2581 X
1206 2541 1231 2581 8
1266 2539 1422 2581 calcati
1453 2538 1534 2579 JK
1648 2538 1849 2591 calcatio]
1886 2536 1986 2578 add.
2023 2538 2088 2576 est

250 2614 394 2656 ΘΒΜ]
504 2616 528 2656 9
562 2614 666 2655 exiit
695 2614 751 2663 F,
785 2614 919 2655 exiuit
948 2611 1168 2654 HIKMS
1199 2625 1293 2653 cum
1332 2611 1458 2664 Vuly.
1593 2610 1645 2651 de
1675 2610 1880 2651 torculari
1914 2608 2018 2649 add.
2050 2606 2088 2647 X

246 2686 299 2727 10
339 2686 560 2739 equoruml¹
604 2685 708 2726 add.
749 2687 793 2726 et
829 2685 947 2725 intra
969 2683 1030 2736 H,
1073 2686 1116 2725 et
1156 2682 1257 2737 quid
1295 2683 1378 2724 hoc
1415 2683 1510 2723 loco
1552 2681 1650 2734 equi
1681 2681 1765 2721 nisi
1797 2680 2011 2734 principes
2045 2680 2088 2718 et

244 2758 432 2798 rectores
471 2756 621 2797 mundi
661 2759 774 2805 sunt,
814 2755 916 2809 quia
954 2768 1031 2808 per
1070 2767 1140 2795 eos
1184 2753 1381 2794 diabolus
1423 2766 1598 2806 operum
1638 2764 1809 2792 suorum
1848 2749 2086 2803 nequitiam

246 2828 454 2870 uelociori
492 2841 619 2869 cursu
659 2826 894 2868 exercendo
929 2825 1160 2867 discurrit?
1192 2825 1302 2866 bene
1336 2838 1437 2878 ergo
1472 2824 1646 2866 dicitur:
1683 2822 1803 2863 ‘exiit
1835 2821 2009 2874 sanguis
2038 2818 2087 2859 de

245 2900 452 2941 torculari
475 2912 611 2952 usque
636 2898 690 2939 ad
714 2898 857 2939 frenos
884 2899 1102 2951 equorum'
1126 2894 1167 2939 Ἡ
1202 2898 1270 2947 (ex
1300 2896 1474 2937 Ticonii
1506 2895 1631 2947 libro,
1665 2894 1720 2946 cf.
1745 2892 2018 2934 Primasium
2049 2893 2089 2930 et

245 2970 415 3011 Bedam
441 2970 501 3011 ad
522 2971 562 3011 h.
582 2970 625 3022 l.)
708 2969 835 3023 exiet]
864 2972 907 3009 et
931 2971 980 3009 ut
996 2969 1035 3021 I,
1055 2971 1098 3009 et
1121 2968 1164 3009 in
1183 2967 1235 3008 K
1308 2966 1435 3020 ultio]
1457 2965 1747 3006 damnationis
1766 2964 1875 3005 ultio
1895 2961 1934 3005 *Β
1952 2973 2088 3014 usque

247 3041 515 3094 (alt.)..lin.
539 3043 598 3082 12
619 3041 728 3082 ultio
763 3052 844 3082 om.
870 3039 905 3081 S
994 3039 1044 3080 12
1078 3038 1132 3080 ad
1164 3038 1342 3092 angelos
1366 3037 1415 3078 F
1511 3040 1616 3089 post
1648 3036 1739 3077 eius
1773 3033 1950 3087 angelos
1984 3030 2087 3072 add.

248 3112 292 3153 id
325 3115 391 3153 est
420 3112 615 3153 homines
647 3112 783 3153 malos
815 3110 855 3154 §B
944 3111 988 3152 in
1019 3110 1254 3151 nouissimo
1280 3121 1382 3150 uero
1409 3107 1643 3150 certamine
1666 3106 1710 3146 in
1738 3105 1850 3146 diem
1875 3103 2023 3144 iudicii
2048 3100 2088 3144 23

307 3184 393 3224 exit
422 3182 482 3235 K,
516 3183 620 3224 exiit
649 3183 737 3224 ΙΜ
909 3182 961 3223 13
1000 3182 1114 3223 sicut
1153 3181 1270 3233 ante]
1311 3181 1517 3233 sequente
1557 3181 1595 3229 (e
1636 3182 1730 3219 tert.
1769 3189 1877 3218 corr.
1912 3175 1962 3215 in
2001 3174 2030 3226 i)
2063 3173 2093 3213 Ι

252 3255 304 3296 14
334 3256 619 3308 persequetur
654 3254 825 3308 OBMq,
857 3252 1131 3308 persequitur
1162 3257 1238 3293 cet.
1349 3249 1510 3302 stadia]
1546 3249 1648 3290 add.
1680 3247 1825 3300 inquit
1855 3245 1889 3287 S
1997 3257 2087 3284 sex-

251 3326 396 3379 centa]
431 3327 654 3367 sexcentos
687 3327 840 3379 quater
876 3324 916 3365 T
1001 3324 1053 3365 15
1085 3323 1223 3376 partis
1259 3321 1298 3362 Τ
1414 3323 1481 3361 est
1511 3332 1589 3361 orm.
1620 3318 1696 3359 FS
