2470 3718
353 154 456 204 122
825 147 1019 190 Editio
1056 147 1333 190 Victorini
1364 147 1475 190 XIII
1508 150 1553 191 et
1582 148 1710 191 XVII
1743 148 1782 192 3.

349 313 447 362 tur.
481 310 542 362 de
586 309 781 361 inferno
818 311 994 361 autem
1032 309 1185 360 illurn
1226 325 1497 377 resurgere
1539 311 1591 361 et
1631 326 1788 377 supra
1822 310 2047 363 diximus
2082 313 2256 364 uerbis

351 399 560 450 Esaiae:
603 413 787 464 aqua,
828 397 1014 464 inquit,
1054 398 1357 449 nutriuit
1407 398 1606 449 illum
1647 400 1709 450 et
1751 398 2039 465 abyssus
2073 400 2260 451 auxit

351 487 559 538 illum.
608 487 697 553 qui
745 490 920 538 tamen
967 486 1095 538 lieet
1147 487 1357 538 nomine
1413 489 1616 539 mutato
1665 487 1861 550 ueniat,
1912 487 1986 538 ait
2041 487 2258 553 spiritus

158 580 228 633 13,
264 578 318 622 18
352 578 588 626 sanetus:
628 590 942 626 numerus
982 574 1181 627 illius
1224 574 1510 635 DOLXV1;
1546 575 1609 625 ad
1640 575 1847 627 literam
1882 591 2089 643 grecam
2121 576 2259 628 hunc

349 678 623 713 numerum
665 662 908 728 explebit.

506 836 525 877 1
563 836 620 889 cf.
646 849 754 890 paq.
789 838 897 885 100,
934 838 1084 878 8-15
1168 836 1193 877 2
1227 835 1384 878 Ezech.
1419 836 1489 890 31,
1521 836 1549 877 4

418 936 437 977 1
474 949 708 992 resurgere
741 937 785 978 Α
817 941 944 992 «νεαρ,
977 937 1083 979 item
1115 936 1153 979 S
1239 938 1268 979 4
1300 935 1525 980 DCLXVI
1556 938 1732 992 scripsi,
1767 941 1836 980 est
1867 939 1911 980 A
2024 943 2132 993 post
2163 951 2260 993 gre-

357 1022 452 1052 cam
489 1008 699 1051 additum
730 1014 794 1052 est
824 1011 1003 1065 s'iynum
1027 1013 1065 1064 †,
1088 1010 1171 1053 sub
1204 1023 1292 1064 quo
1324 1011 1453 1065 siyno
1485 1011 1537 1053 in
1568 1011 1772 1066 margine
1803 1011 2020 1065 scriptum
2054 1011 2261 1066 leyimus:

356 1082 555 1125 sexcenti
589 1083 791 1138 sexagies
826 1084 981 1135 sexies,
1018 1097 1114 1126 cum
1150 1084 1343 1126 ominem
1377 1086 1450 1136 (z
1482 1083 1762 1137 hominemP)
1801 1084 1916 1126 enim
1958 1083 2172 1126 adtulerit
2205 1084 2261 1126 ad

354 1155 531 1198 literam
566 1169 743 1211 grecam
768 1156 892 1198 Am2
1051 1156 1263 1213 explebit]
1289 1156 1463 1211 finitur
1494 1156 1630 1199 huius
1660 1170 1819 1199 uersus
1852 1157 2120 1211 explanatio
2161 1157 2259 1199 Vic-

357 1229 502 1272 torim'
