2470 3718
615 220 870 262 Recensio
905 219 1214 272 Hieronymi
1244 217 1346 258 XIV
1379 219 1422 258 et
1452 216 1749 257 XVII—XIX.
1994 218 2089 266 137

248 381 656 444 conquaternata,
702 378 837 427 sicut
882 377 932 426 in
982 377 1222 439 quattuor
1274 374 1501 424 faciebus
1559 373 1989 437 quadriformibus
2045 375 2094 421 et

247 466 387 515 rotis.
420 468 598 529 quater
637 464 769 514 enim
811 460 1232 526 quadringenteni
1273 460 1412 509 mille
1453 460 1674 509 sexcenti
1712 457 1885 526 [sunt].

1052 627 1175 670 CAP.
1207 626 1298 667 XV.

318 735 543 785 Eandem
575 735 806 796 repetens
839 729 1243 795 persecutionem
1279 728 1403 778 dicit
1436 727 1776 791 apocalypsis:
1819 727 2092 790 angelos
2113 731 2150 782 e)
2174 729 2276 770 add.
2295 727 2366 770 ΥΧ

195 837 215 871 5
248 823 502 885 septem
542 819 865 868 habentes
900 816 1135 880 plagas
1169 816 1376 877 [septem
1411 813 1766 874 nouissimasfi
1802 811 2094 875 quoniam
2129 787 2194 838 15,
2229 787 2248 826 1

245 908 305 956 in
346 906 444 956 his
486 904 688 954 finita
728 904 823 953 est
862 902 955 950 ira
988 900 1106 950 dei.
1142 915 1343 963 semper
1375 899 1506 949 enim
1540 899 1612 947 ira
1646 897 1724 947 dei
1757 897 1978 961 percutit
2009 911 2094 959 po-

246 993 422 1056 pulum
451 992 801 1040 contumacem
821 989 1018 1050 septem
1036 985 1199 1050 plagis
1220 984 1357 1033 —id
1376 986 1454 1034 est
1470 983 1706 1048 perfecte,
1726 985 1784 1032 ut
1799 982 1846 1031 in
1868 981 2095 1031 Leuitico

248 1077 371 1127 dicit
389 1107 472 1136 ——‚
491 1090 616 1139 quae
634 1074 683 1122 in
702 1073 885 1123 ultimo
906 1071 1106 1121 futurae
1126 1073 1258 1132 sunt,
1274 1085 1391 1120 cum
1411 1068 1627 1119 ecelesia
1646 1068 1705 1117 de
1725 1067 1888 1117 medio
1909 1066 2096 1116 exierit.

322 1160 470 1223 Quod
509 1163 679 1210 autem
721 1158 845 1207 dicit
886 1157 1162 1206 stetisse
1212 1171 1405 1220 super
1451 1169 1620 1204 mare
1672 1153 1955 1202 uitreum
2004 1152 2097 1201 ha·
2134 1158 2197 1209 15,
2231 1157 2255 1195 2

180 1266 220 1297 10
252 1249 477 1298 bentes
521 1246 809 1296 citharas
852 1245 913 1292 et
951 1242 1170 1302 fialas3
1212 1241 1264 1290 id
1298 1243 1376 1291 est
1414 1255 1566 1304 super
1603 1239 1915 1303 baptismum
1950 1253 2098 1287 suum

252 1333 504 1383 stabiliter
542 1333 591 1380 in
633 1331 729 1380 fide
771 1329 1063 1379 constitisse
1105 1330 1154 1377 et
1194 1326 1562 1377 consessionem
1605 1340 1750 1374 suam
1790 1325 1837 1373 in
1889 1339 1970 1373 ore
2018 1324 2101 1372 ha-

250 1419 429 1468 bentes
485 1418 801 1467 exultaturos
856 1414 905 1463 in
961 1428 1112 1479 regno
1170 1428 1339 1462 coram
1396 1411 1615 1461 domino.
1666 1410 1727 1459 ad
1780 1409 2097 1473 propositum

255 1506 584 1553 reuertamur.

1047 1609 1170 1652 CAP.
1203 1609 1316 1650 XIX.

180 1742 220 1775 15
323 1715 420 1779 [Et
457 1713 566 1764 uidi
604 1713 799 1763 caelu-m
838 1715 1094 1774 apertum:
1129 1715 1174 1759 et
1205 1726 1307 1760 ecce
1337 1725 1492 1773 equus
1525 1709 1681 1771 albus,
1714 1712 1755 1758 et
1787 1708 1876 1774 qui
1905 1707 2101 1757 sedebat
2136 1721 2200 1771 19,
2236 1720 2284 1760 11

251 1816 402 1863 super
432 1815 559 1859 euni,
585 1798 863 1848 uocabatur
882 1796 1058 1862 fidelis
1081 1800 1126 1845 et
1151 1798 1347 1858 uerus]
1378 1797 1609 1860 Equum
1642 1795 1775 1845 enim
1810 1794 2009 1843 album
2045 1796 2102 1841 et

253 1886 350 1936 sed
368 1889 559 1935 entem
586 1900 764 1949 super
790 1899 920 1933 eum
947 1883 1210 1933 dominum
1237 1884 1470 1931 nostrum
1497 1898 1610 1931 cum
1639 1880 1858 1930 exercitu
1893 1869 2100 1928 caelesti

399 1999 413 2037 1
454 1997 505 2037 cf.
538 1996 693 2038 Ezech.
721 1996 756 2048 1,
785 1996 835 2037 10
862 1997 906 2036 et
933 1996 983 2036 16
1044 1994 1172 2048 4-8]
1206 1994 1324 2035 hanc
1354 1993 1666 2046 expositionem
1698 2005 1749 2033 ex
1786 1991 1960 2033 Ticonii
1991 1990 2101 2031 libro

251 2070 554 2127 depromptam
583 2068 753 2109 exhibet
782 2067 1025 2108 uberiorem
1055 2066 1228 2107 Beatus
1251 2079 1299 2118 p.
1335 2068 1422 2106 461
1454 2069 1493 2105 et
1521 2067 1615 2105 462
1697 2065 1719 2104 7
1747 2062 1799 2106 cf.
1824 2063 1927 2103 Leu.
1953 2062 2020 2111 26,
2048 2062 2100 2102 28

250 2141 407 2193 9—12]
442 2141 497 2193 cf.
530 2139 762 2181 editionem
796 2138 1016 2179 Victorini
1039 2152 1085 2190 p.
1119 2138 1221 2186 152,
1257 2138 1392 2176 8-11
1469 2136 1539 2189 13]
1574 2149 1695 2177 nunc
1725 2135 1924 2187 sequitur
1953 2134 2002 2174 in
2032 2131 2105 2173 ΥΧ

244 2212 476 2266 particula
509 2211 569 2264 d),
603 2211 659 2264 cf.
683 2223 731 2262 p.
764 2210 860 2262 131,
898 2210 1118 2262 16—133,
1150 2210 1204 2249 15

308 2298 328 2337 1
365 2298 623 2350 quaternata
652 2295 706 2337 H
819 2294 1127 2348 quadriformis
1162 2293 1351 2334 HIKM
1455 2294 1480 2333 2
1513 2293 1640 2346 rotis]
1677 2291 1902 2345 quadratis
1936 2290 2039 2331 add.
2073 2289 2108 2331 S

308 2367 677 2422 quadringenteni
713 2367 882 2420 scripsi,
924 2365 1288 2419 quadringentem
1333 2364 1469 2417 THS,
1503 2362 1813 2418 quadringenti
1849 2360 2103 2411 GBFIKQ

252 2439 512 2493 quadragies
542 2453 568 2493 9
686 2441 787 2479 sunt
820 2437 926 2478 add.
958 2438 995 2478 X
1092 2437 1120 2477 4
1152 2435 1429 2490 apocalypsis
1463 2435 1569 2477 dicit
1606 2435 1711 2488 0139
1827 2433 2105 2488 apocalypsin

259 2510 413 2552 THIS
519 2514 624 2563 post
655 2508 935 2563 apocalypsin
968 2507 1073 2548 add.
1106 2510 1149 2548 et
1180 2507 1273 2548 uidi
1306 2506 1426 2548 aliud
1459 2508 1630 2559 signum
1669 2506 1714 2547 in
1748 2506 1867 2547 caelo
1901 2518 2105 2558 magnum

254 2584 298 2622 et
327 2580 526 2622 mirabile
559 2581 594 2621 S
737 2581 762 2620 ὃ
795 2581 964 2633 septem
996 2579 1258 2620 nouissimas
1292 2578 1395 2619 add.
1429 2578 1467 2618 X
1636 2578 1840 2631 quoniam
1874 2577 1917 2617 in
1947 2577 2015 2617 his
2045 2576 2104 2626 (in

252 2652 359 2705 ipsis
399 2650 457 2703 23)
491 2651 616 2692 finita
647 2653 713 2692 est
743 2651 808 2691 ira
840 2650 909 2691 dei
947 2648 1036 2699 123,
1071 2651 1173 2703 quia
1204 2649 1247 2690 in
1280 2650 1387 2703 ipsis
1430 2651 1730 2690 consummata
1762 2650 1827 2689 est
1857 2647 2103 2700 indignatio

254 2723 324 2763 dei
355 2722 392 2762 X
468 2723 493 2764 6
526 2735 749 2776 semper..
769 2721 839 2762 dei
871 2734 951 2763 om.
990 2720 1068 2762 CB
1091 2724 1278 2774 propter
1308 2720 1682 2762 homoeoteleuton
1784 2720 1984 2772 percutet
2022 2717 2105 2768 TS,

255 2794 475 2848 percutiet
497 2793 608 2834 HM
663 2795 686 2834 7
717 2794 870 2846 plagas
902 2792 1040 2833 IKM
1124 2793 1237 2833 sicut
1268 2792 1382 2833 idem
1415 2791 1521 2833 deus
1552 2791 1597 2831 in
1627 2791 1826 2832 Leuitico
1858 2789 2106 2844 frequenter

255 2864 418 2917 repetit
451 2863 620 2905 dicens:
654 2863 910 2917 ‘percutiam
943 2876 1019 2904 uos
1051 2865 1218 2917 septem
1250 2862 1406 2917 plagis'
1433 2862 1536 2903 add.
1562 2861 1616 2914 513,
1640 2863 1694 2915 cf.
1719 2861 1890 2903 Bedam
1917 2859 2112 2912 (XCIII

256 2935 346 2975 177
362 2933 437 2986 M)
496 2934 522 2975 8
554 2933 701 2975 futura
735 2933 815 2976 CB
874 2935 898 2975 9
933 2932 1060 2984 Quod
1092 2934 1237 2974 autem
1271 2932 1380 2974 dicit
1410 2945 1491 2974 om.
1523 2932 1562 2972 X
1651 2931 1844 2985 stetisse]
1879 2933 2045 2972 stantes
2070 2930 2106 2969 X

314 3005 510 3058 stetisse]
547 3004 648 3045 add.
683 3017 755 3045 eos
780 3017 814 3056 e,
839 3017 934 3045 eum
964 3004 1041 3046 CB
1131 3016 1261 3057 supra
1283 3002 1416 3044 FHS
1474 3002 1526 3043 10
1552 3005 1596 3042 et
1620 3002 1741 3043 fialas
1766 3015 1847 3043 om.
1869 3015 1896 3055 9
1983 3013 2105 3041 suum

258 3088 341 3117 om.
365 3075 416 3116 H
484 3075 535 3115 12
569 3074 624 3116 ad
654 3076 926 3130 propositum
957 3073 1004 3122 T,
1037 3074 1113 3115 sed
1146 3073 1200 3115 ad
1230 3075 1455 3128 proposita
1484 3073 1523 3114 X
1619 3073 1698 3114 His
1732 3073 1930 3113 omnibus
1961 3075 2106 3113 tamen

256 3147 400 3200 plagis
426 3146 641 3200 explicitis
667 3146 721 3187 ad
748 3147 1018 3201 propositum
1043 3145 1171 3187 redit.
1199 3148 1259 3186 ‘et
1282 3145 1373 3186 uidi
1398 3145 1512 3187 sicut
1535 3158 1651 3185 mare
1674 3144 1874 3185 uitreum’
1902 3145 1953 3194 (c.
1971 3146 2040 3196 15,
2060 3145 2105 3193 2)

256 3216 297 3260 ffi
321 3231 370 3270 p.
406 3219 500 3258 462
569 3218 622 3258 15
653 3217 768 3260 Et..
788 3231 918 3258 uerus
952 3217 1058 3258 add.
1089 3217 1127 3257 X
1237 3216 1320 3258 Et.
1342 3230 1406 3269 ,μ
1431 3217 1533 3269 139,
1563 3218 1590 3256 4
1622 3215 1676 3256 ad
1706 3214 1914 3255 iudicium
1946 3227 2024 3256 om.
2059 3214 2108 3255 H

260 3289 312 3330 16
344 3290 526 3329 uocatur
555 3288 603 3330 F
715 3301 844 3329 uerax
868 3288 935 3341 Fy
1053 3287 1203 3340 Equus
1237 3287 1350 3328 enim
1383 3287 1505 3328 albus
1538 3288 1582 3327 et
1613 3285 1766 3327 sedens
1791 3285 1827 3326 S
1941 3285 2102 3338 album]

259 3359 363 3401 add.
396 3371 490 3400 esse
528 3358 605 3399 CB
