2470 3718
748 190 1074 232 uerborum
1122 193 1179 232 et
1227 191 1680 233 elocutionum.

2077 195 2174 245 191

343 345 437 395 115,
470 345 538 385 16.
574 344 668 396 120,
695 346 768 398 14,
801 346 987 398 121,12.
1022 346 1117 397 138,
1144 346 1209 387 11.
1259 345 1524 388 sollicitudo:
1561 360 1651 387 cuin
1687 361 1853 387 sumina
1885 346 2177 388 sollicitudine

343 415 455 455 sicut
474 450 480 456 .
502 451 509 458 .
530 448 538 456 .
559 416 619 456 sic
652 418 720 467 54,
748 417 820 466 11;
861 418 932 468 55,
957 418 1016 457 11.
1049 417 1116 469 64,
1145 417 1210 458 16.

343 487 411 535 74,
448 487 523 539 10,
562 489 634 540 75,
668 490 695 528 9

1319 417 1411 470 102,
1447 419 1519 469 19,
1556 418 1651 466 103,
1687 420 1751 459 20

1258 487 1443 528 soluere:
1463 501 1540 528 nos
1558 488 1910 542 soluitapeccato
1925 489 2046 540 18,6;
2066 490 2131 539 19,
2158 490 2179 528 7

285 558 398 598 sicut
430 558 467 610 3,
508 559 548 598 4.
589 559 626 601 5.
664 560 728 600 17.
769 559 836 612 52,
870 559 916 610 9,
957 561 1025 607 53,
1059 562 1100 599 2.
1142 560 1209 611 54,
1257 558 1416 599 solum:
1442 572 1525 599 non
1551 559 1690 599 solum
1715 558 1860 600 —sed
1884 560 1954 611 44,
1980 561 2026 611 4,
2058 562 2177 612 45,4

344 629 415 680 10,
464 631 538 681 55,
580 631 648 670 10.
695 630 762 683 56,
806 630 876 681 13,
924 632 999 682 57,
1041 631 1102 671 13.
1142 631 1208 682 64,
1257 631 1422 670 sordes:
1450 630 1502 670 ab
1529 630 1724 670 omnibus
1748 629 1955 671 mundata
1979 629 2176 672 sordibus

342 701 414 746 152
460 702 530 752 65,
565 702 625 742 13.
668 701 734 753 72,
767 701 814 753 8,
863 702 925 753 73,
959 702 1019 742 13.
1064 702 1129 754 74,
1163 702 1207 753 53

1314 700 1409 749 149,
1445 701 1489 739 J]

347 771 416 821 75,
450 772 489 811 9.
533 772 625 819 104,
662 772 733 824 10,
776 773 878 824 105,
915 773 971 812 11.
1006 772 1099 824 106,
1135 773 1207 824 10,
1256 783 1479 823 spargere:
1529 784 1675 824 sparsa
1714 784 1789 824 per
1827 771 1973 812 orbem
2011 772 2079 820 96,
2130 772 2175 820 1,

339 842 442 891 107,
483 843 544 885 13.
598 843 690 894 128,
734 843 805 895 14,
853 844 953 894 129,
996 846 1072 884 20.
1114 845 1205 891 135,

341 913 400 954 13.
437 914 527 966 137,
561 915 596 954 1.
631 915 735 968 [14],
771 915 830 967 8].
867 914 959 965 149,
993 916 1035 954 5.

281 984 472 1038 sigillum
492 984 560 1034 60,
579 986 623 1035 53
663 987 726 1034 61,
753 986 777 1025 7
799 990 874 1027 ete.
898 1010 944 1016 —
974 986 1120 1039 sigilla
1137 986 1203 1035 60,

338 1056 382 1106 9,
416 1074 468 1090 -—-
502 1056 724 1109 signacula
758 1056 822 1109 61,
858 1058 904 1097 13

280 1125 504 1179 signacula
535 1126 636 1167 libri
669 1127 706 1176 7,
748 1128 801 1167 22

278 1197 575 1250 significanter
605 1198 674 1249 46,
708 1199 781 1249 12,
822 1199 896 1251 47,
928 1199 974 1238 11

280 1268 472 1321 signum:
513 1269 639 1322 signa
679 1272 722 1310 et
762 1272 968 1322 portenta
1008 1272 1052 1310 et
1082 1283 1200 1311 meu-

337 1339 457 1381 dacia
493 1340 585 1392 126,
620 1341 664 1391 2,
706 1341 806 1393 127,
839 1342 889 1382 13

277 1410 450 1452 similis:
474 1411 659 1452 similem
685 1411 772 1452 filio
798 1412 908 1463 (cod.
934 1414 991 1464 A)
1016 1412 1201 1453 hominis

338 1482 402 1533 18,
439 1483 510 1534 16,
542 1502 596 1518 -—-
627 1483 693 1536 19,
726 1484 779 1523 19
813 1484 924 1533 (cod.
964 1483 1018 1535 T)

278 1553 480 1595 similiter
511 1555 578 1607 84,
611 1556 657 1607 4,
693 1555 765 1603 85,
800 1557 827 1595 4

277 1625 539 1666 similitudo:
574 1625 627 1666 ad
659 1625 991 1667 similitudinem
1017 1640 1136 1668 suam
1161 1628 1198 1681 5,

331 1696 370 1736 4.
427 1695 549 1737 dedit
596 1697 929 1738 similitudinem
976 1700 1048 1750 (=
1088 1711 1197 1739 com-

329 1767 533 1818 parauit)
572 1767 726 1809 faeiem
769 1769 859 1809 eius
901 1769 1064 1822 gloriae
1097 1770 1199 1810 solis

332 1838 400 1888 20,
436 1839 508 1891 10,
549 1840 616 1890 21,
648 1839 715 1879 17.
755 1839 799 1879 in
840 1839 1198 1881 similitudinibus

330 1910 398 1958 46,
429 1909 477 1960 4,
509 1910 582 1958 47,
615 1911 644 1950 5

274 1980 525 2033 singularis:
568 1981 861 2036 singularibus
903 1984 1096 2036 personis
1128 1984 1195 2035 28,

332 2052 405 2104 10,
439 2053 510 2106 29,
544 2053 602 2094 10

270 2123 515 2176 sinyularis
551 2137 759 2165 numerus
788 2138 875 2178 pro
907 2126 1107 2178 plurali:
1153 2126 1195 2166 in

331 2195 473 2248 capite
504 2194 696 2236 fidelium
730 2196 798 2248 38,
833 2197 907 2249 11,
939 2198 1101 2249 39,12.
1143 2197 1196 2238 ad

330 2279 401 2306 cor
445 2265 668 2307 hominum
710 2267 780 2319 68,
834 2268 879 2321 6,
932 2287 985 2302 =
1026 2268 1080 2309 ad
1127 2282 1197 2310 coi·

328 2336 564 2377 humanum
607 2339 676 2387 69,
719 2340 757 2379 9.
798 2339 842 2380 in
873 2339 1089 2380 frontibus
1121 2343 1196 2381 aut

327 2407 371 2448 in
418 2421 547 2449 manu
596 2408 771 2451 dextera
817 2410 913 2462 128,
960 2412 1006 2462 9,
1059 2430 1112 2447 =
1151 2412 1192 2452 in

326 2479 526 2521 manibus
560 2479 721 2522 dextris
752 2482 852 2535 129,
885 2484 939 2523 15

270 2549 442 2591 sistere:
483 2553 676 2592 staturae
707 2555 809 2593 sunt
841 2554 936 2604 110,
969 2554 1015 2606 2,
1048 2555 1130 2605 111,
1165 2558 1195 2596 2

269 2621 362 2661 siue
400 2621 443 2662 in
482 2621 587 2663 Asia
634 2622 725 2664 siue
764 2624 808 2664 in
847 2626 941 2665 toto
981 2624 1083 2666 orbe
1122 2625 1192 2678 28,

326 2691 372 2744 5,
414 2693 488 2745 29,
519 2695 548 2733 4

271 2762 476 2804 solatium
506 2764 859 2818 propheticarum
884 2766 1189 2820 scripturarum

326 2834 394 2883 90,
429 2835 503 2887 13,
535 2835 599 2884 91,
631 2836 685 2875 14

268 2904 425 2946 solium
471 2906 545 2959 (cf.
585 2906 725 2958 sedes,
763 2908 983 2960 thronus):
1029 2909 1098 2959 44,
1145 2909 1191 2962 6,

325 2977 398 3029 45,
441 2978 481 3017 6.
524 2977 595 3030 46,
637 2978 710 3031 12,
751 2979 827 3032 47,
866 2980 942 3030 12;
983 2999 1036 3015 =
1068 2979 1191 3022 sedes

325 3046 418 3099 [47,
440 3047 529 3101 12].
556 3047 650 3101 120,
674 3050 715 3090 4.
740 3049 794 3090 ad
819 3049 974 3091 solium
1000 3049 1070 3091 dei
1095 3049 1189 3104 108,

326 3117 372 3167 9,
404 3117 505 3166 109,
537 3118 608 3159 10.
650 3121 751 3160 ante
783 3119 940 3161 solium
969 3121 1039 3170 48,
1072 3121 1112 3161 5.
1145 3121 1190 3173 7,

323 3189 396 3242 49,
428 3190 471 3229 5.
504 3190 546 3230 8.
580 3189 738 3231 circum
762 3191 915 3232 solium
939 3192 1007 3243 48,
1044 3193 1087 3244 13
1118 3193 1188 3242 49,

325 3259 360 3299 1.
393 3272 418 3300 a
449 3259 558 3301 solio
600 3259 670 3302 dei
701 3262 769 3311 56,
805 3261 879 3316 14,
921 3263 995 3316 57,
1027 3263 1103 3316 16,
1135 3281 1188 3298 =

325 3342 350 3370 a
381 3329 482 3370 sede
517 3331 611 3384 [573
643 3331 715 3386 14]

1313 860 1365 876 z
1392 841 1537 883 diffusi
1568 855 1643 896 per
1676 843 1819 883 orbem
1855 844 1925 893 97,
1961 845 1991 883 2

1254 926 1400 965 sparse
1432 915 1502 964 (=
1529 912 1757 967 σποράδην)
1794 913 1888 961 104,
1921 915 1945 954 2

1254 984 1437 1037 speeies:
1485 984 1680 1036 pluribus
1720 985 1946 1037 speciebus
1986 985 2080 1034 134,
2131 986 2173 1036 1,

1315 1056 1409 1107 135,
1441 1056 1464 1095 1

1253 1127 1492 1179 speciosus:
1528 1126 1682 1167 ciuitas
1716 1128 1910 1180 speciosa
1944 1127 2036 1179 142,
2073 1128 2092 1168 1

1252 1202 1468 1251 spectare:
1514 1198 1621 1239 haec
1663 1197 1716 1239 ad
1755 1197 1927 1238 laudem
1975 1201 2174 1251 spectant

1308 1269 1374 1321 32,
1411 1269 1483 1319 19,
1514 1272 1579 1319 33,
1612 1269 1677 1309 19.
1710 1269 1778 1321 34,
1812 1270 1858 1311 9:
1892 1270 1961 1316 35,
1995 1270 2052 1310 10

1250 1340 1478 1394 spiritalis:
1534 1340 1601 1391 22,
1647 1341 1694 1386 4,
1750 1343 1818 1388 23,
1868 1343 1908 1382 Η.
1964 1342 2057 1393 149,
2106 1342 2173 1382 12.

1307 1411 1546 1465 spiritalem
1589 1412 1655 1459 54,
1695 1412 1742 1463 6,
1791 1413 1866 1463 55,
1909 1412 1949 1451 6.
2004 1412 2063 1460 71,
2104 1413 2172 1452 17.

1308 1483 1380 1534 97,
1415 1483 1457 1524 6.
1491 1483 1706 1536 spiritalia
1739 1483 1777 1535 5,
1814 1484 1833 1523 l

1248 1554 1505 1607 spiritaliter
1538 1555 1605 1603 96,
1639 1555 1661 1594 7

1248 1639 1417 1679 spuma:
1459 1639 1633 1679 spumae
1666 1626 1963 1667 dissoluuntur
1997 1627 2084 1678 151,
2118 1626 2173 1665 17

1248 1710 1445 1750 spurcus:
1482 1698 1783 1751 spurcissimus
1819 1698 1912 1750 120,
1948 1698 1998 1739 16

1247 1769 1461 1810 stabilire:
1495 1769 1642 1810 stabili
1674 1770 1746 1822 (=
1779 1768 1990 1824 στήρισον)
2022 1770 2090 1819 40,
2125 1771 2169 1815 6,

1304 1842 1368 1891 41,
1430 1841 1474 1890 7,·
1526 1860 1578 1875 =
1621 1841 1823 1882 confirma
1872 1841 1955 1894 [41,
2010 1841 2062 1894 7).
2117 1840 2170 1881 ad

1304 1912 1506 1953 ecelesias
1533 1911 1816 1953 stabiliendas
1841 1913 1908 1961 80,
1941 1913 1988 1964 4,
2024 1913 2091 1960 81,
2117 1913 2169 1952 14

1245 1983 1434 2024 stabilis:
1497 1984 1929 2036 aquam..stabi1em
1990 1983 2059 2028 48,
2122 1984 2168 2034 9,

1302 2056 1373 2104 49,
1407 2056 1448 2096 9.
1479 2054 1660 2096 stabiles
1694 2055 1891 2096 homines
1928 2056 2018 2104 131,
2055 2058 2082 2095 7

1245 2125 1466 2167 stabiliter
1496 2127 1591 2178 137,
1623 2127 1682 2167 11.
1721 2126 1814 2175 152,
1850 2126 1903 2168 10

1245 2199 1474 2250 stagneus:
1509 2198 1622 2239 oculi
1657 2198 1831 2251 stagnei
1864 2199 1901 2250 7,
1937 2197 1988 2238 18

1244 2270 1379 2309 stare:
1398 2268 1581 2309 stabunt
1598 2269 1670 2322 (z
1684 2267 2006 2323 ἀναστήσονται)
2029 2269 2121 2320 142,
2140 2270 2164 2309 5

1243 2341 1395 2381 statio:
1437 2345 1511 2382 aut
1543 2341 1774 2382 stationem
1796 2373 1803 2381 .
1825 2373 1831 2380 .
1852 2342 1927 2381 aut
1957 2340 2164 2381 ieiunium

1299 2411 1480 2453 facimus
1513 2412 1551 2462 5,
1585 2413 1624 2453 8.
1656 2425 1732 2465 per
1764 2411 1977 2452 stationes
2009 2412 2047 2460 4,
2081 2412 2107 2453 3

1242 2482 1434 2524 studere:
1468 2483 1645 2525 lectioni
1669 2482 1846 2524 studens
1867 2483 1933 2534 16,
1957 2483 2004 2534 4,
2029 2483 2093 2532 17,
2119 2484 2156 2524 9.

1297 2554 1477 2596 student
1506 2555 1741 2608 scripturas
1771 2554 1840 2606 32,
1874 2555 1919 2604 9;
1947 2573 1999 2588 =
2025 2555 2158 2608 scrip-

1297 2626 1406 2666 turis
1437 2627 1511 2678 33,
1544 2628 1570 2667 9

1240 2696 1318 2737 sub
1360 2710 1455 2738 cum
1495 2697 1605 2738 abb:
1643 2696 1721 2737 sub
1762 2709 1835 2737 ara
1868 2700 1940 2747 (=
1967 2695 2159 2737 ὑποκάτω

1296 2772 1367 2808 τοῦ
1398 2767 1720 2824 θυσιαστηρίου)
1754 2768 1821 2815 72,
1855 2769 1899 2819 7,
1933 2770 1996 2819 73,
2028 2767 2083 2808 12

1239 2838 1317 2879 sub
1350 2852 1446 2880 cum
1469 2839 1557 2879 abl.
1579 2858 1632 2874 =
1658 2838 1735 2879 sub
1761 2852 1856 2880 cum
1881 2851 1989 2880 aec„-
2021 2838 2158 2891 proie-

1297 2913 1449 2952 cerunt
1481 2923 1551 2951 eas
1583 2909 1660 2951 sub
1693 2909 1877 2964 pedibus
1904 2910 1994 2951 eius
2019 2908 2086 2958 58,
2118 2909 2158 2949 9.

1298 2981 1370 3035 17,
1402 2982 1474 3030 59,
1508 2982 1558 3033 9,·
1591 2981 1656 3033 61,
1688 2982 1724 3023 1.
1764 2981 1841 3022 sub
1873 2980 2056 3034 pedibus
2088 2982 2157 3032 (=

1296 3051 1370 3093 ὑπὸ
1402 3052 1500 3100 τοὺς
1531 3050 1679 3104 πόδας)
1715 3052 1808 3104 152,
1841 3052 1865 3092 6

1237 3121 1450 3164 subditio:
1466 3122 1528 3163 ‘de
1552 3121 1801 3164 subditione
1824 3122 2155 3165 nouissimorum

1297 3193 1392 3243 148,
1423 3195 1451 3234 4

1236 3263 1483 3304 substantia
1527 3266 1598 3316 (=
1630 3263 1736 3304 Hab
1772 3263 1869 3304 und
1910 3262 2018 3314 Gut)
2063 3276 2154 3303 mo-

1292 3334 1448 3375 rientis
1472 3335 1539 3386 62,
1565 3333 1611 3387 3;
1646 3335 1712 3381 63,
1737 3337 1774 3375 3.
1807 3334 1875 3386 64,
1903 3334 1974 3387 14,
2001 3335 2073 3386 65,
2100 3334 2155 3374 12
