<?xml version="1.0" encoding="UTF-8"?>
<!DOCTYPE html PUBLIC "-//W3C//DTD XHTML 1.0 Transitional//EN"
    "http://www.w3.org/TR/xhtml1/DTD/xhtml1-transitional.dtd">
<html xmlns="http://www.w3.org/1999/xhtml" xml:lang="en" lang="en">
 <head>
  <title>
</title>
<meta http-equiv="Content-Type" content="text/html;charset=utf-8" />
  <meta name='ocr-system' content='tesseract 3.04.00' />
  <meta name='ocr-capabilities' content='ocr_page ocr_carea ocr_par ocr_line ocrx_word'/>
</head>
<body>
  <div class='ocr_page' id='page_1' title='image "./victoriniepiscop49victuoft_0063.png"; bbox 0 0 2470 3718; ppageno 0'>
   <div class='ocr_carea' id='block_1_1' title="bbox 801 168 2077 234">
    <p class='ocr_par' dir='ltr' id='par_1_1' title="bbox 801 168 2077 234">
     <span class='ocr_line' id='line_1_1' title="bbox 801 168 2077 234; baseline -0.004 -13"><span class='ocrx_word' id='word_1_1' title='bbox 801 180 1493 234; x_wconf 83' lang='lat' dir='ltr'>ProlegomenaIIIB3.</span> <span class='ocrx_word' id='word_1_2' title='bbox 1966 168 2077 217; x_wconf 83' lang='lat' dir='ltr'>LXI</span> 
     </span>
    </p>
   </div>
   <div class='ocr_carea' id='block_1_2' title="bbox 229 338 2076 491">
    <p class='ocr_par' dir='ltr' id='par_1_2' title="bbox 229 338 2076 491">
     <span class='ocr_line' id='line_1_2' title="bbox 300 338 2076 405; baseline 0.001 -16"><span class='ocrx_word' id='word_1_3' title='bbox 300 343 351 403; x_wconf 78' lang='lat'>4)</span> <span class='ocrx_word' id='word_1_4' title='bbox 392 342 588 405; x_wconf 83' lang='lat' dir='ltr'>Agmen</span> <span class='ocrx_word' id='word_1_5' title='bbox 629 339 821 388; x_wconf 80' lang='lat' dir='ltr'>claudit</span> <span class='ocrx_word' id='word_1_6' title='bbox 858 338 1087 404; x_wconf 86' lang='lat' dir='ltr'>Mignei</span> <span class='ocrx_word' id='word_1_7' title='bbox 1129 338 1320 387; x_wconf 88' lang='lat' dir='ltr'>editio</span> <span class='ocrx_word' id='word_1_8' title='bbox 1363 354 1419 387; x_wconf 79' lang='lat' dir='ltr'>ex</span> <span class='ocrx_word' id='word_1_9' title='bbox 1460 338 1726 389; x_wconf 84' lang='lat' dir='ltr'>Gallandio</span> <span class='ocrx_word' id='word_1_10' title='bbox 1761 339 2076 404; x_wconf 85' lang='lat' dir='ltr'>deprompta,</span> 
     </span>
     <span class='ocr_line' id='line_1_3' title="bbox 229 423 1623 491; baseline -0.002 -15"><span class='ocrx_word' id='word_1_11' title='bbox 229 441 381 490; x_wconf 85' lang='lat' dir='ltr'>quam</span> <span class='ocrx_word' id='word_1_12' title='bbox 422 425 553 491; x_wconf 87' lang='lat' dir='ltr'>siglo</span> <span class='ocrx_word' id='word_1_13' title='bbox 593 446 644 477; x_wconf 78' lang='lat' dir='ltr'>m</span> <span class='ocrx_word' id='word_1_14' title='bbox 683 425 977 474; x_wconf 87' lang='lat' dir='ltr'>notauimus</span> <span class='ocrx_word' id='word_1_15' title='bbox 1020 423 1180 490; x_wconf 76' lang='lat' dir='ltr'>(z-V</span> <span class='ocrx_word' id='word_1_16' title='bbox 1221 425 1512 474; x_wconf 76' lang='lat'>317—344</span> <span class='ocrx_word' id='word_1_17' title='bbox 1531 424 1623 491; x_wconf 84' lang='lat' dir='ltr'>M).</span> 
     </span>
    </p>
   </div>
   <div class='ocr_carea' id='block_1_3' title="bbox 227 525 2079 933">
    <p class='ocr_par' dir='ltr' id='par_1_3' title="bbox 227 525 2079 933">
     <span class='ocr_line' id='line_1_4' title="bbox 299 525 2077 594; baseline -0.001 -15"><span class='ocrx_word' id='word_1_18' title='bbox 299 527 565 576; x_wconf 73' lang='lat' dir='ltr'>Lectiones</span> <span class='ocrx_word' id='word_1_19' title='bbox 608 525 715 575; x_wconf 84' lang='lat' dir='ltr'>cod.</span> <span class='ocrx_word' id='word_1_20' title='bbox 759 528 799 579; x_wconf 85' lang='lat' dir='ltr'>S</span> <span class='ocrx_word' id='word_1_21' title='bbox 837 525 1116 574; x_wconf 88' lang='lat' dir='ltr'>secundum</span> <span class='ocrx_word' id='word_1_22' title='bbox 1158 528 1497 594; x_wconf 63' lang='lat' dir='ltr'>Florileqium</span> <span class='ocrx_word' id='word_1_23' title='bbox 1532 529 1803 579; x_wconf 69' lang='lat' dir='ltr'>(Jasetuense</span> <span class='ocrx_word' id='word_1_24' title='bbox 1829 530 1878 576; x_wconf 89' lang='lat' dir='ltr'>et</span> <span class='ocrx_word' id='word_1_25' title='bbox 1903 527 2077 577; x_wconf 86' lang='lat' dir='ltr'>editio-</span> 
     </span>
     <span class='ocr_line' id='line_1_5' title="bbox 227 610 2079 680; baseline 0 -19"><span class='ocrx_word' id='word_1_26' title='bbox 227 628 348 661; x_wconf 88' lang='lat' dir='ltr'>num</span> <span class='ocrx_word' id='word_1_27' title='bbox 392 611 509 661; x_wconf 91' lang='lat' dir='ltr'>inde</span> <span class='ocrx_word' id='word_1_28' title='bbox 557 610 949 674; x_wconf 73' lang='lat' dir='ltr'>dependentium</span> <span class='ocrx_word' id='word_1_29' title='bbox 997 631 1104 680; x_wconf 67' lang='lat' dir='ltr'>sym</span> <span class='ocrx_word' id='word_1_30' title='bbox 1150 610 1329 659; x_wconf 87' lang='lat' dir='ltr'>multis</span> <span class='ocrx_word' id='word_1_31' title='bbox 1375 610 1502 660; x_wconf 92' lang='lat' dir='ltr'>locis</span> <span class='ocrx_word' id='word_1_32' title='bbox 1549 611 1680 660; x_wconf 83' lang='lat' dir='ltr'>inter</span> <span class='ocrx_word' id='word_1_33' title='bbox 1726 626 1780 660; x_wconf 92' lang='lat' dir='ltr'>se</span> <span class='ocrx_word' id='word_1_34' title='bbox 1828 611 2079 674; x_wconf 86' lang='lat' dir='ltr'>differunt,</span> 
     </span>
     <span class='ocr_line' id='line_1_6' title="bbox 228 694 2078 762; baseline 0 -15"><span class='ocrx_word' id='word_1_35' title='bbox 228 713 389 762; x_wconf 89' lang='lat' dir='ltr'>neque</span> <span class='ocrx_word' id='word_1_36' title='bbox 430 697 528 746; x_wconf 91' lang='lat' dir='ltr'>nisi</span> <span class='ocrx_word' id='word_1_37' title='bbox 565 697 736 761; x_wconf 85' lang='lat' dir='ltr'>ipsum</span> <span class='ocrx_word' id='word_1_38' title='bbox 778 695 1003 746; x_wconf 76' lang='lat' dir='ltr'>codicem</span> <span class='ocrx_word' id='word_1_39' title='bbox 1045 695 1208 744; x_wconf 89' lang='lat' dir='ltr'>denuo</span> <span class='ocrx_word' id='word_1_40' title='bbox 1247 694 1542 760; x_wconf 82' lang='lat' dir='ltr'>inspexeris,</span> <span class='ocrx_word' id='word_1_41' title='bbox 1585 696 1852 747; x_wconf 83' lang='lat' dir='ltr'>diiudicari</span> <span class='ocrx_word' id='word_1_42' title='bbox 1890 700 2078 761; x_wconf 89' lang='lat' dir='ltr'>potest,</span> 
     </span>
     <span class='ocr_line' id='line_1_7' title="bbox 228 781 2078 853; baseline 0 -20"><span class='ocrx_word' id='word_1_43' title='bbox 228 785 374 833; x_wconf 88' lang='lat' dir='ltr'>cuius</span> <span class='ocrx_word' id='word_1_44' title='bbox 406 782 700 833; x_wconf 88' lang='lat' dir='ltr'>testimonio</span> <span class='ocrx_word' id='word_1_45' title='bbox 736 781 925 831; x_wconf 86' lang='lat' dir='ltr'>codicis</span> <span class='ocrx_word' id='word_1_46' title='bbox 966 781 1157 831; x_wconf 86' lang='lat' dir='ltr'>ueritas</span> <span class='ocrx_word' id='word_1_47' title='bbox 1190 781 1506 844; x_wconf 76' lang='lat' dir='ltr'>respondeat.</span> <span class='ocrx_word' id='word_1_48' title='bbox 1548 782 1684 831; x_wconf 88' lang='lat' dir='ltr'>haud</span> <span class='ocrx_word' id='word_1_49' title='bbox 1722 797 1832 832; x_wconf 87' lang='lat' dir='ltr'>raro</span> <span class='ocrx_word' id='word_1_50' title='bbox 1874 804 1928 853; x_wconf 75' lang='lat'>39</span> <span class='ocrx_word' id='word_1_51' title='bbox 1968 799 2078 834; x_wconf 86' lang='lat' dir='ltr'>con-</span> 
     </span>
     <span class='ocr_line' id='line_1_8' title="bbox 228 867 1903 933; baseline -0.001 -14"><span class='ocrx_word' id='word_1_52' title='bbox 228 870 414 919; x_wconf 87' lang='lat' dir='ltr'>sentire</span> <span class='ocrx_word' id='word_1_53' title='bbox 455 885 569 919; x_wconf 91' lang='lat' dir='ltr'>cum</span> <span class='ocrx_word' id='word_1_54' title='bbox 611 868 754 918; x_wconf 87' lang='lat' dir='ltr'>codd.</span> <span class='ocrx_word' id='word_1_55' title='bbox 799 871 886 920; x_wconf 85' lang='lat' dir='ltr'>JK</span> <span class='ocrx_word' id='word_1_56' title='bbox 919 868 1003 916; x_wconf 87' lang='lat' dir='ltr'>uel</span> <span class='ocrx_word' id='word_1_57' title='bbox 1042 871 1139 920; x_wconf 80' lang='lat' dir='ltr'>JM</span> <span class='ocrx_word' id='word_1_58' title='bbox 1173 883 1235 917; x_wconf 49' lang='lat' dir='ltr'>ex&gt;</span> <span class='ocrx_word' id='word_1_59' title='bbox 1268 867 1346 916; x_wconf 92' lang='lat' dir='ltr'>his</span> <span class='ocrx_word' id='word_1_60' title='bbox 1390 868 1632 931; x_wconf 83' lang='lat' dir='ltr'>exemplis</span> <span class='ocrx_word' id='word_1_61' title='bbox 1665 872 1903 933; x_wconf 85' lang='lat' dir='ltr'>apparet:</span> 
     </span>
    </p>
   </div>
   <div class='ocr_carea' id='block_1_4' title="bbox 571 1008 2079 1636">
    <p class='ocr_par' dir='ltr' id='par_1_4' title="bbox 571 1008 1246 1062">
     <span class='ocr_line' id='line_1_9' title="bbox 571 1008 1246 1062; baseline -0.003 -11"><span class='ocrx_word' id='word_1_62' title='bbox 571 1011 642 1060; x_wconf 83' lang='lat'>49,</span> <span class='ocrx_word' id='word_1_63' title='bbox 702 1011 728 1050; x_wconf 83' lang='lat'>4</span> <span class='ocrx_word' id='word_1_64' title='bbox 760 1023 812 1050; x_wconf 90' lang='grc'>116</span> <span class='ocrx_word' id='word_1_65' title='bbox 846 1009 890 1056; x_wconf 80' lang='lat' dir='ltr'>S,</span> <span class='ocrx_word' id='word_1_66' title='bbox 925 1011 976 1049; x_wconf 87' lang='lat' dir='ltr'>ut</span> <span class='ocrx_word' id='word_1_67' title='bbox 1005 1022 1089 1049; x_wconf 89' lang='lat' dir='ltr'>non</span> <span class='ocrx_word' id='word_1_68' title='bbox 1119 1008 1246 1062; x_wconf 71' lang='lat' dir='ltr'>IKsy</span> 
     </span>
    </p>

    <p class='ocr_par' dir='ltr' id='par_1_5' title="bbox 572 1080 1419 1133">
     <span class='ocr_line' id='line_1_10' title="bbox 572 1080 1419 1133; baseline -0.004 -10"><span class='ocrx_word' id='word_1_69' title='bbox 572 1083 641 1130; x_wconf 80' lang='lat'>49,</span> <span class='ocrx_word' id='word_1_70' title='bbox 678 1082 728 1123; x_wconf 77' lang='lat'>19</span> <span class='ocrx_word' id='word_1_71' title='bbox 762 1081 957 1122; x_wconf 90' lang='lat' dir='ltr'>dicentes</span> <span class='ocrx_word' id='word_1_72' title='bbox 990 1080 1036 1132; x_wconf 85' lang='lat' dir='ltr'>S,</span> <span class='ocrx_word' id='word_1_73' title='bbox 1070 1080 1263 1121; x_wconf 74' lang='lat' dir='ltr'>dicentia</span> <span class='ocrx_word' id='word_1_74' title='bbox 1293 1081 1419 1133; x_wconf 69' lang='lat' dir='ltr'>IKsy</span> 
     </span>
    </p>

    <p class='ocr_par' dir='ltr' id='par_1_6' title="bbox 572 1151 1507 1206">
     <span class='ocr_line' id='line_1_11' title="bbox 572 1151 1507 1206; baseline -0.001 -12"><span class='ocrx_word' id='word_1_75' title='bbox 572 1154 639 1206; x_wconf 74' lang='lat'>51,</span> <span class='ocrx_word' id='word_1_76' title='bbox 676 1154 728 1194; x_wconf 86' lang='lat'>10</span> <span class='ocrx_word' id='word_1_77' title='bbox 759 1153 936 1206; x_wconf 76' lang='lat' dir='ltr'>rugiens</span> <span class='ocrx_word' id='word_1_78' title='bbox 970 1152 1014 1200; x_wconf 85' lang='lat' dir='ltr'>S,</span> <span class='ocrx_word' id='word_1_79' title='bbox 1048 1151 1262 1204; x_wconf 85' lang='lat' dir='ltr'>rugientis</span> <span class='ocrx_word' id='word_1_80' title='bbox 1303 1152 1507 1206; x_wconf 66' lang='lat' dir='ltr'>015]qu</span> 
     </span>
    </p>

    <p class='ocr_par' dir='ltr' id='par_1_7' title="bbox 572 1222 1634 1278">
     <span class='ocr_line' id='line_1_12' title="bbox 572 1222 1634 1278; baseline -0.002 -13"><span class='ocrx_word' id='word_1_81' title='bbox 572 1226 640 1278; x_wconf 76' lang='lat'>53,</span> <span class='ocrx_word' id='word_1_82' title='bbox 676 1224 725 1265; x_wconf 80' lang='lat'>18</span> <span class='ocrx_word' id='word_1_83' title='bbox 760 1230 804 1264; x_wconf 88' lang='lat' dir='ltr'>et</span> <span class='ocrx_word' id='word_1_84' title='bbox 837 1223 1071 1264; x_wconf 77' lang='lat' dir='ltr'>extendens</span> <span class='ocrx_word' id='word_1_85' title='bbox 1106 1224 1150 1272; x_wconf 87' lang='lat' dir='ltr'>S,</span> <span class='ocrx_word' id='word_1_86' title='bbox 1186 1222 1421 1264; x_wconf 82' lang='lat' dir='ltr'>extendens</span> <span class='ocrx_word' id='word_1_87' title='bbox 1455 1224 1634 1278; x_wconf 58' lang='lat' dir='ltr'>IKMsgy</span> 
     </span>
    </p>

    <p class='ocr_par' dir='ltr' id='par_1_8' title="bbox 576 1294 1501 1349">
     <span class='ocr_line' id='line_1_13' title="bbox 576 1294 1501 1349; baseline -0.001 -12"><span class='ocrx_word' id='word_1_88' title='bbox 576 1298 642 1348; x_wconf 79' lang='grc'>57,</span> <span class='ocrx_word' id='word_1_89' title='bbox 677 1298 725 1337; x_wconf 91' lang='grc'>17</span> <span class='ocrx_word' id='word_1_90' title='bbox 761 1295 981 1349; x_wconf 78' lang='lat' dir='ltr'>significat</span> <span class='ocrx_word' id='word_1_91' title='bbox 1013 1294 1060 1348; x_wconf 84' lang='lat' dir='ltr'>S,</span> <span class='ocrx_word' id='word_1_92' title='bbox 1093 1295 1343 1348; x_wconf 78' lang='lat' dir='ltr'>significant</span> <span class='ocrx_word' id='word_1_93' title='bbox 1375 1294 1501 1348; x_wconf 73' lang='lat' dir='ltr'>IKsy</span> 
     </span>
    </p>

    <p class='ocr_par' dir='ltr' id='par_1_9' title="bbox 574 1366 1436 1420">
     <span class='ocr_line' id='line_1_14' title="bbox 574 1366 1436 1420; baseline -0.001 -12"><span class='ocrx_word' id='word_1_94' title='bbox 574 1369 640 1420; x_wconf 78' lang='lat'>57,</span> <span class='ocrx_word' id='word_1_95' title='bbox 672 1368 726 1408; x_wconf 90' lang='grc'>20</span> <span class='ocrx_word' id='word_1_96' title='bbox 760 1367 955 1408; x_wconf 80' lang='lat' dir='ltr'>ardentis</span> <span class='ocrx_word' id='word_1_97' title='bbox 987 1366 1034 1419; x_wconf 87' lang='lat' dir='ltr'>S,</span> <span class='ocrx_word' id='word_1_98' title='bbox 1069 1367 1271 1408; x_wconf 77' lang='lat' dir='ltr'>ardentes</span> <span class='ocrx_word' id='word_1_99' title='bbox 1302 1366 1436 1420; x_wconf 68' lang='lat' dir='ltr'>LUsg]</span> 
     </span>
    </p>

    <p class='ocr_par' dir='ltr' id='par_1_10' title="bbox 572 1437 1566 1492">
     <span class='ocr_line' id='line_1_15' title="bbox 572 1437 1566 1492; baseline -0.002 -12"><span class='ocrx_word' id='word_1_100' title='bbox 572 1440 640 1492; x_wconf 86' lang='grc'>73,</span> <span class='ocrx_word' id='word_1_101' title='bbox 702 1442 726 1482; x_wconf 82' lang='grc'>5</span> <span class='ocrx_word' id='word_1_102' title='bbox 759 1439 1040 1492; x_wconf 80' lang='lat' dir='ltr'>praemiserat</span> <span class='ocrx_word' id='word_1_103' title='bbox 1072 1437 1118 1490; x_wconf 89' lang='lat' dir='ltr'>S,</span> <span class='ocrx_word' id='word_1_104' title='bbox 1151 1438 1412 1491; x_wconf 78' lang='lat' dir='ltr'>promiserat</span> <span class='ocrx_word' id='word_1_105' title='bbox 1440 1439 1566 1492; x_wconf 73' lang='lat' dir='ltr'>IKsy</span> 
     </span>
    </p>

    <p class='ocr_par' dir='ltr' id='par_1_11' title="bbox 573 1509 2079 1636">
     <span class='ocr_line' id='line_1_16' title="bbox 573 1509 2079 1563; baseline -0.001 -10"><span class='ocrx_word' id='word_1_106' title='bbox 573 1512 640 1563; x_wconf 83' lang='lat'>73,</span> <span class='ocrx_word' id='word_1_107' title='bbox 676 1511 725 1552; x_wconf 86' lang='lat'>13</span> <span class='ocrx_word' id='word_1_108' title='bbox 756 1510 1023 1552; x_wconf 77' lang='lat' dir='ltr'>meditantes</span> <span class='ocrx_word' id='word_1_109' title='bbox 1055 1510 1099 1562; x_wconf 91' lang='lat' dir='ltr'>S,</span> <span class='ocrx_word' id='word_1_110' title='bbox 1140 1509 1363 1552; x_wconf 82' lang='lat' dir='ltr'>mediante</span> <span class='ocrx_word' id='word_1_111' title='bbox 1402 1509 1492 1562; x_wconf 78' lang='lat' dir='ltr'>JK,</span> <span class='ocrx_word' id='word_1_112' title='bbox 1524 1512 1626 1552; x_wconf 75' lang='lat' dir='ltr'>item</span> <span class='ocrx_word' id='word_1_113' title='bbox 1658 1511 1747 1552; x_wconf 76' lang='lat' dir='ltr'>cod.</span> <span class='ocrx_word' id='word_1_114' title='bbox 1780 1511 1988 1552; x_wconf 62' lang='lat' dir='ltr'>Millamsst</span> <span class='ocrx_word' id='word_1_115' title='bbox 2018 1525 2079 1553; x_wconf 81' lang='lat' dir='ltr'>se-</span> 
     </span>
     <span class='ocr_line' id='line_1_17' title="bbox 760 1582 1706 1636; baseline -0.001 -12"><span class='ocrx_word' id='word_1_116' title='bbox 760 1583 951 1624; x_wconf 72' lang='lat' dir='ltr'>cundum</span> <span class='ocrx_word' id='word_1_117' title='bbox 983 1582 1319 1624; x_wconf 71' lang='lat' dir='ltr'>adnotationem</span> <span class='ocrx_word' id='word_1_118' title='bbox 1349 1583 1505 1622; x_wconf 71' lang='grc' dir='ltr'>]’7’”’”η</span> <span class='ocrx_word' id='word_1_119' title='bbox 1541 1588 1596 1636; x_wconf 83' lang='lat' dir='ltr'>(p.</span> <span class='ocrx_word' id='word_1_120' title='bbox 1623 1583 1706 1633; x_wconf 79' lang='lat'>64).</span> 
     </span>
    </p>
   </div>
   <div class='ocr_carea' id='block_1_5' title="bbox 222 1844 2084 2944">
    <p class='ocr_par' dir='ltr' id='par_1_12' title="bbox 222 1844 2084 2944">
     <span class='ocr_line' id='line_1_18' title="bbox 302 1844 2082 1907; baseline -0.001 -12"><span class='ocrx_word' id='word_1_121' title='bbox 302 1845 493 1904; x_wconf 81' lang='lat' dir='ltr'>Restat,</span> <span class='ocrx_word' id='word_1_122' title='bbox 535 1847 592 1894; x_wconf 89' lang='lat' dir='ltr'>ut</span> <span class='ocrx_word' id='word_1_123' title='bbox 630 1844 690 1893; x_wconf 90' lang='lat' dir='ltr'>de</span> <span class='ocrx_word' id='word_1_124' title='bbox 729 1845 898 1894; x_wconf 89' lang='lat' dir='ltr'>indole</span> <span class='ocrx_word' id='word_1_125' title='bbox 937 1844 1244 1894; x_wconf 83' lang='lat' dir='ltr'>recensionis</span> <span class='ocrx_word' id='word_1_126' title='bbox 1284 1846 1571 1907; x_wconf 86' lang='lat' dir='ltr'>postremae</span> <span class='ocrx_word' id='word_1_127' title='bbox 1605 1844 1931 1894; x_wconf 80' lang='lat' dir='ltr'>disseramus,</span> <span class='ocrx_word' id='word_1_128' title='bbox 1971 1845 2082 1894; x_wconf 86' lang='lat' dir='ltr'>eius</span> 
     </span>
     <span class='ocr_line' id='line_1_19' title="bbox 228 1929 2080 1995; baseline -0.001 -14"><span class='ocrx_word' id='word_1_129' title='bbox 228 1934 419 1991; x_wconf 82' lang='lat' dir='ltr'>auctor,</span> <span class='ocrx_word' id='word_1_130' title='bbox 455 1946 603 1995; x_wconf 90' lang='lat' dir='ltr'>quem</span> <span class='ocrx_word' id='word_1_131' title='bbox 639 1945 766 1994; x_wconf 91' lang='lat' dir='ltr'>opus</span> <span class='ocrx_word' id='word_1_132' title='bbox 801 1946 949 1979; x_wconf 89' lang='lat' dir='ltr'>suum</span> <span class='ocrx_word' id='word_1_133' title='bbox 985 1929 1264 1979; x_wconf 87' lang='lat' dir='ltr'>confecisse</span> <span class='ocrx_word' id='word_1_134' title='bbox 1299 1932 1411 1978; x_wconf 89' lang='lat' dir='ltr'>ante</span> <span class='ocrx_word' id='word_1_135' title='bbox 1443 1933 1672 1994; x_wconf 88' lang='lat' dir='ltr'>tempora</span> <span class='ocrx_word' id='word_1_136' title='bbox 1702 1929 2080 1993; x_wconf 89' lang='lat' dir='ltr'>interpolatoris</span> 
     </span>
     <span class='ocr_line' id='line_1_20' title="bbox 226 2014 2082 2081; baseline -0.001 -14"><span class='ocrx_word' id='word_1_137' title='bbox 226 2017 342 2067; x_wconf 88' lang='lat' dir='ltr'>libri</span> <span class='ocrx_word' id='word_1_138' title='bbox 381 2015 646 2081; x_wconf 85' lang='lat' dir='ltr'>genealogi</span> <span class='ocrx_word' id='word_1_139' title='bbox 686 2015 799 2064; x_wconf 87' lang='lat' dir='ltr'>anni</span> <span class='ocrx_word' id='word_1_140' title='bbox 833 2014 1097 2066; x_wconf 83' lang='lat' dir='ltr'>CCCOLH</span> <span class='ocrx_word' id='word_1_141' title='bbox 1137 2031 1191 2065; x_wconf 86' lang='lat' dir='ltr'>ex</span> <span class='ocrx_word' id='word_1_142' title='bbox 1224 2015 1518 2066; x_wconf 88' lang='lat' dir='ltr'>testimonio</span> <span class='ocrx_word' id='word_1_143' title='bbox 1552 2032 1597 2079; x_wconf 94' lang='lat' dir='ltr'>p.</span> <span class='ocrx_word' id='word_1_144' title='bbox 1629 2016 1726 2064; x_wconf 87' lang='grc'>125</span> <span class='ocrx_word' id='word_1_145' title='bbox 1769 2019 1819 2065; x_wconf 90' lang='grc'>61</span> <span class='ocrx_word' id='word_1_146' title='bbox 1861 2016 1958 2064; x_wconf 91' lang='grc'>127</span> <span class='ocrx_word' id='word_1_147' title='bbox 2001 2016 2082 2065; x_wconf 90' lang='lat' dir='ltr'>ad-</span> 
     </span>
     <span class='ocr_line' id='line_1_21' title="bbox 225 2100 2083 2167; baseline -0.001 -15"><span class='ocrx_word' id='word_1_148' title='bbox 225 2103 401 2153; x_wconf 87' lang='lat' dir='ltr'>iuncto</span> <span class='ocrx_word' id='word_1_149' title='bbox 443 2105 666 2167; x_wconf 86' lang='lat' dir='ltr'>apparet,</span> <span class='ocrx_word' id='word_1_150' title='bbox 707 2101 768 2152; x_wconf 85' lang='lat' dir='ltr'>ad</span> <span class='ocrx_word' id='word_1_151' title='bbox 807 2101 1153 2152; x_wconf 87' lang='lat' dir='ltr'>recensionem</span> <span class='ocrx_word' id='word_1_152' title='bbox 1192 2101 1490 2166; x_wconf 89' lang='lat' dir='ltr'>Hieronymi</span> <span class='ocrx_word' id='word_1_153' title='bbox 1532 2100 1693 2151; x_wconf 89' lang='lat' dir='ltr'>denuo</span> <span class='ocrx_word' id='word_1_154' title='bbox 1737 2101 1998 2162; x_wconf 88' lang='lat' dir='ltr'>edendam,</span> <span class='ocrx_word' id='word_1_155' title='bbox 2039 2102 2083 2152; x_wconf 91' lang='lat' dir='ltr'>si</span> 
     </span>
     <span class='ocr_line' id='line_1_22' title="bbox 229 2186 2082 2252; baseline -0.001 -14"><span class='ocrx_word' id='word_1_156' title='bbox 229 2204 325 2239; x_wconf 91' lang='lat' dir='ltr'>non</span> <span class='ocrx_word' id='word_1_157' title='bbox 365 2188 618 2252; x_wconf 81' lang='lat' dir='ltr'>exemplar</span> <span class='ocrx_word' id='word_1_158' title='bbox 657 2187 892 2237; x_wconf 85' lang='lat' dir='ltr'>editionis</span> <span class='ocrx_word' id='word_1_159' title='bbox 929 2186 1193 2247; x_wconf 87' lang='lat' dir='ltr'>Victorini,</span> <span class='ocrx_word' id='word_1_160' title='bbox 1225 2190 1396 2237; x_wconf 89' lang='lat' dir='ltr'>tamen</span> <span class='ocrx_word' id='word_1_161' title='bbox 1430 2187 1628 2237; x_wconf 87' lang='lat' dir='ltr'>codices</span> <span class='ocrx_word' id='word_1_162' title='bbox 1669 2187 1895 2237; x_wconf 87' lang='lat' dir='ltr'>melioris</span> <span class='ocrx_word' id='word_1_163' title='bbox 1935 2189 2082 2237; x_wconf 89' lang='lat' dir='ltr'>notae</span> 
     </span>
     <span class='ocr_line' id='line_1_23' title="bbox 228 2272 2083 2338; baseline 0 -15"><span class='ocrx_word' id='word_1_164' title='bbox 228 2277 279 2323; x_wconf 87' lang='lat' dir='ltr'>et</span> <span class='ocrx_word' id='word_1_165' title='bbox 310 2274 608 2338; x_wconf 84' lang='lat' dir='ltr'>Hieronymi</span> <span class='ocrx_word' id='word_1_166' title='bbox 646 2272 955 2323; x_wconf 89' lang='lat' dir='ltr'>recensionis</span> <span class='ocrx_word' id='word_1_167' title='bbox 998 2276 1048 2322; x_wconf 90' lang='lat' dir='ltr'>et</span> <span class='ocrx_word' id='word_1_168' title='bbox 1084 2272 1381 2338; x_wconf 90' lang='lat' dir='ltr'>posterioris</span> <span class='ocrx_word' id='word_1_169' title='bbox 1420 2275 1563 2323; x_wconf 85' lang='lat' dir='ltr'>textu</span> <span class='ocrx_word' id='word_1_170' title='bbox 1596 2273 1913 2338; x_wconf 88' lang='lat' dir='ltr'>apocalypsis</span> <span class='ocrx_word' id='word_1_171' title='bbox 1948 2274 2083 2323; x_wconf 87' lang='lat' dir='ltr'>aliis-</span> 
     </span>
     <span class='ocr_line' id='line_1_24' title="bbox 229 2358 2083 2424; baseline -0.001 -14"><span class='ocrx_word' id='word_1_172' title='bbox 229 2376 325 2424; x_wconf 91' lang='lat' dir='ltr'>que</span> <span class='ocrx_word' id='word_1_173' title='bbox 375 2359 739 2409; x_wconf 84' lang='lat' dir='ltr'>additamentis</span> <span class='ocrx_word' id='word_1_174' title='bbox 794 2362 973 2409; x_wconf 84' lang='lat' dir='ltr'>auctae</span> <span class='ocrx_word' id='word_1_175' title='bbox 1027 2358 1263 2409; x_wconf 86' lang='lat' dir='ltr'>adhibere</span> <span class='ocrx_word' id='word_1_176' title='bbox 1323 2359 1508 2421; x_wconf 89' lang='lat' dir='ltr'>potuit.</span> <span class='ocrx_word' id='word_1_177' title='bbox 1566 2360 1639 2409; x_wconf 87' lang='lat' dir='ltr'>ita</span> <span class='ocrx_word' id='word_1_178' title='bbox 1691 2359 1763 2419; x_wconf 88' lang='lat' dir='ltr'>fit,</span> <span class='ocrx_word' id='word_1_179' title='bbox 1820 2362 1877 2409; x_wconf 89' lang='lat' dir='ltr'>ut</span> <span class='ocrx_word' id='word_1_180' title='bbox 1929 2359 2083 2409; x_wconf 88' lang='lat' dir='ltr'>uerba</span> 
     </span>
     <span class='ocr_line' id='line_1_25' title="bbox 227 2445 2082 2510; baseline -0.001 -15"><span class='ocrx_word' id='word_1_181' title='bbox 227 2447 480 2510; x_wconf 84' lang='lat' dir='ltr'>praebeat,</span> <span class='ocrx_word' id='word_1_182' title='bbox 529 2460 655 2508; x_wconf 86' lang='lat' dir='ltr'>quae</span> <span class='ocrx_word' id='word_1_183' title='bbox 700 2445 748 2494; x_wconf 90' lang='lat' dir='ltr'>in</span> <span class='ocrx_word' id='word_1_184' title='bbox 800 2445 1060 2495; x_wconf 90' lang='lat' dir='ltr'>codicibus</span> <span class='ocrx_word' id='word_1_185' title='bbox 1107 2446 1459 2495; x_wconf 85' lang='lat' dir='ltr'>recensionum</span> <span class='ocrx_word' id='word_1_186' title='bbox 1506 2447 1604 2496; x_wconf 82' lang='grc' dir='ltr'>ΥΦ</span> <span class='ocrx_word' id='word_1_187' title='bbox 1645 2445 1789 2495; x_wconf 87' lang='lat' dir='ltr'>nobis</span> <span class='ocrx_word' id='word_1_188' title='bbox 1828 2445 1962 2495; x_wconf 90' lang='lat' dir='ltr'>notis</span> <span class='ocrx_word' id='word_1_189' title='bbox 2003 2445 2082 2494; x_wconf 88' lang='lat' dir='ltr'>de-</span> 
     </span>
     <span class='ocr_line' id='line_1_26' title="bbox 228 2529 2081 2596; baseline -0.001 -14"><span class='ocrx_word' id='word_1_190' title='bbox 228 2535 348 2583; x_wconf 84' lang='lat' dir='ltr'>sunt</span> <span class='ocrx_word' id='word_1_191' title='bbox 372 2531 458 2595; x_wconf 87' lang='lat' dir='ltr'>(cf.</span> <span class='ocrx_word' id='word_1_192' title='bbox 484 2537 620 2584; x_wconf 75' lang='lat' dir='ltr'>inter</span> <span class='ocrx_word' id='word_1_193' title='bbox 642 2536 865 2584; x_wconf 42' lang='lat' dir='ltr'>medicem»</span> <span class='ocrx_word' id='word_1_194' title='bbox 890 2536 1013 2585; x_wconf 68' lang='lat' dir='ltr'>dicit</span> <span class='ocrx_word' id='word_1_195' title='bbox 1037 2536 1362 2585; x_wconf 71' lang='lat' dir='ltr'>ecclesiarum</span> <span class='ocrx_word' id='word_1_196' title='bbox 1392 2547 1437 2596; x_wconf 87' lang='lat' dir='ltr'>p.</span> <span class='ocrx_word' id='word_1_197' title='bbox 1465 2532 1547 2590; x_wconf 90' lang='grc'>21,</span> <span class='ocrx_word' id='word_1_198' title='bbox 1576 2529 1647 2594; x_wconf 74' lang='grc'>2),</span> <span class='ocrx_word' id='word_1_199' title='bbox 1673 2531 1829 2585; x_wconf 87' lang='lat' dir='ltr'>uerba</span> <span class='ocrx_word' id='word_1_200' title='bbox 1862 2530 2081 2588; x_wconf 82' lang='lat' dir='ltr'>omittat,</span> 
     </span>
     <span class='ocr_line' id='line_1_27' title="bbox 229 2615 2084 2687; baseline 0.002 -21"><span class='ocrx_word' id='word_1_201' title='bbox 229 2632 356 2680; x_wconf 90' lang='lat' dir='ltr'>quae</span> <span class='ocrx_word' id='word_1_202' title='bbox 388 2617 489 2666; x_wconf 86' lang='lat' dir='ltr'>iam</span> <span class='ocrx_word' id='word_1_203' title='bbox 513 2617 562 2665; x_wconf 90' lang='lat' dir='ltr'>in</span> <span class='ocrx_word' id='word_1_204' title='bbox 591 2617 861 2681; x_wconf 83' lang='lat' dir='ltr'>archetypo</span> <span class='ocrx_word' id='word_1_205' title='bbox 887 2617 1194 2667; x_wconf 86' lang='lat' dir='ltr'>recensionis</span> <span class='ocrx_word' id='word_1_206' title='bbox 1221 2617 1517 2682; x_wconf 89' lang='lat' dir='ltr'>Hieronymi</span> <span class='ocrx_word' id='word_1_207' title='bbox 1550 2617 1818 2667; x_wconf 83' lang='lat' dir='ltr'>defuerunt</span> <span class='ocrx_word' id='word_1_208' title='bbox 1842 2615 1928 2683; x_wconf 76' lang='lat' dir='ltr'>(cf.</span> <span class='ocrx_word' id='word_1_209' title='bbox 1953 2621 2084 2687; x_wconf 69' lang='lat' dir='ltr'>quod</span> 
     </span>
     <span class='ocr_line' id='line_1_28' title="bbox 227 2703 2084 2773; baseline -0.002 -18"><span class='ocrx_word' id='word_1_210' title='bbox 227 2708 283 2755; x_wconf 61' lang='lat' dir='ltr'>‘in</span> <span class='ocrx_word' id='word_1_211' title='bbox 331 2708 467 2773; x_wconf 64' lang='lat' dir='ltr'>liquo</span> <span class='ocrx_word' id='word_1_212' title='bbox 502 2746 510 2755; x_wconf 94' lang='lat'><strong><em>.</em></strong></span> <span class='ocrx_word' id='word_1_213' title='bbox 548 2746 557 2755; x_wconf 92' lang='lat'><strong>.</strong></span> <span class='ocrx_word' id='word_1_214' title='bbox 593 2746 603 2755; x_wconf 90' lang='lat'><em>.</em></span> <span class='ocrx_word' id='word_1_215' title='bbox 640 2746 650 2756; x_wconf 92' lang='lat'><strong>.</strong></span> <span class='ocrx_word' id='word_1_216' title='bbox 691 2708 955 2772; x_wconf 55' lang='lat' dir='ltr'>pres-&amp;Ionis</span> <span class='ocrx_word' id='word_1_217' title='bbox 999 2712 1071 2757; x_wconf 76' lang='lat' dir='ltr'>est</span> <span class='ocrx_word' id='word_1_218' title='bbox 1115 2707 1374 2757; x_wconf 74' lang='lat' dir='ltr'>redditum</span> <span class='ocrx_word' id='word_1_219' title='bbox 1419 2719 1467 2767; x_wconf 91' lang='lat' dir='ltr'>p.</span> <span class='ocrx_word' id='word_1_220' title='bbox 1503 2704 1586 2761; x_wconf 85' lang='lat'>57,</span> <span class='ocrx_word' id='word_1_221' title='bbox 1622 2704 1705 2762; x_wconf 84' lang='grc'>21,</span> <span class='ocrx_word' id='word_1_222' title='bbox 1754 2703 1839 2752; x_wconf 91' lang='lat' dir='ltr'>ubi</span> <span class='ocrx_word' id='word_1_223' title='bbox 1879 2706 2084 2767; x_wconf 89' lang='lat' dir='ltr'>propter</span> 
     </span>
     <span class='ocr_line' id='line_1_29' title="bbox 228 2789 2079 2858; baseline 0.002 -21"><span class='ocrx_word' id='word_1_224' title='bbox 228 2789 675 2839; x_wconf 89' lang='lat' dir='ltr'>homoeoteleuton</span> <span class='ocrx_word' id='word_1_225' title='bbox 724 2789 915 2839; x_wconf 87' lang='lat' dir='ltr'>omissa</span> <span class='ocrx_word' id='word_1_226' title='bbox 962 2792 1081 2838; x_wconf 89' lang='lat' dir='ltr'>sunt</span> <span class='ocrx_word' id='word_1_227' title='bbox 1126 2789 1303 2839; x_wconf 90' lang='lat' dir='ltr'>uerba:</span> <span class='ocrx_word' id='word_1_228' title='bbox 1350 2793 1639 2858; x_wconf 72' lang='lat' dir='ltr'>perdiderit</span> <span class='ocrx_word' id='word_1_229' title='bbox 1678 2794 1884 2857; x_wconf 74' lang='lat' dir='ltr'>primus</span> <span class='ocrx_word' id='word_1_230' title='bbox 1922 2792 2079 2854; x_wconf 76' lang='lat' dir='ltr'>homo,</span> 
     </span>
     <span class='ocr_line' id='line_1_30' title="bbox 222 2874 592 2944; baseline 0.003 -18"><span class='ocrx_word' id='word_1_231' title='bbox 222 2895 319 2943; x_wconf 73' lang='lat' dir='ltr'>per</span> <span class='ocrx_word' id='word_1_232' title='bbox 356 2874 592 2944; x_wconf 63' lang='lat' dir='ltr'>liquam).</span> 
     </span>
    </p>
   </div>
   <div class='ocr_carea' id='block_1_6' title="bbox 229 2987 2080 3396">
    <p class='ocr_par' dir='ltr' id='par_1_13' title="bbox 229 2987 2080 3396">
     <span class='ocr_line' id='line_1_31' title="bbox 305 2987 2080 3055; baseline 0 -18"><span class='ocrx_word' id='word_1_233' title='bbox 305 2987 358 3055; x_wconf 82' lang='lat'>1)</span> <span class='ocrx_word' id='word_1_234' title='bbox 384 2987 531 3049; x_wconf 79' lang='lat' dir='ltr'>Quod</span> <span class='ocrx_word' id='word_1_235' title='bbox 559 2996 735 3039; x_wconf 86' lang='lat' dir='ltr'>auctor</span> <span class='ocrx_word' id='word_1_236' title='bbox 763 3004 861 3040; x_wconf 88' lang='lat' dir='ltr'>rec.</span> <span class='ocrx_word' id='word_1_237' title='bbox 898 2992 944 3038; x_wconf 83' lang='grc' dir='ltr'><strong><em>Φ</em></strong></span> <span class='ocrx_word' id='word_1_238' title='bbox 974 2992 1206 3054; x_wconf 86' lang='lat' dir='ltr'>coeperat</span> <span class='ocrx_word' id='word_1_239' title='bbox 1229 3003 1323 3038; x_wconf 91' lang='lat' dir='ltr'>rec.</span> <span class='ocrx_word' id='word_1_240' title='bbox 1348 2989 1645 3053; x_wconf 86' lang='lat' dir='ltr'>Hieronymi</span> <span class='ocrx_word' id='word_1_241' title='bbox 1672 2989 1914 3053; x_wconf 89' lang='lat' dir='ltr'>ampliore</span> <span class='ocrx_word' id='word_1_242' title='bbox 1941 2991 2080 3038; x_wconf 82' lang='lat' dir='ltr'>textu</span> 
     </span>
     <span class='ocr_line' id='line_1_32' title="bbox 229 3073 2080 3140; baseline -0.001 -17"><span class='ocrx_word' id='word_1_243' title='bbox 229 3073 552 3138; x_wconf 84' lang='lat' dir='ltr'>apocalypsis</span> <span class='ocrx_word' id='word_1_244' title='bbox 594 3089 792 3140; x_wconf 83' lang='lat' dir='ltr'>augere,</span> <span class='ocrx_word' id='word_1_245' title='bbox 826 3075 877 3123; x_wconf 90' lang='lat' dir='ltr'>id</span> <span class='ocrx_word' id='word_1_246' title='bbox 918 3076 1095 3124; x_wconf 87' lang='lat' dir='ltr'>auctor</span> <span class='ocrx_word' id='word_1_247' title='bbox 1125 3089 1222 3123; x_wconf 86' lang='lat' dir='ltr'>reo.</span> <span class='ocrx_word' id='word_1_248' title='bbox 1256 3077 1297 3128; x_wconf 83' lang='lat' dir='ltr'>S</span> <span class='ocrx_word' id='word_1_249' title='bbox 1325 3074 1398 3123; x_wconf 83' lang='lat' dir='ltr'>ita</span> <span class='ocrx_word' id='word_1_250' title='bbox 1430 3075 1656 3138; x_wconf 89' lang='lat' dir='ltr'>perfecit,</span> <span class='ocrx_word' id='word_1_251' title='bbox 1689 3076 1749 3123; x_wconf 87' lang='lat' dir='ltr'>ut</span> <span class='ocrx_word' id='word_1_252' title='bbox 1780 3074 2080 3138; x_wconf 87' lang='lat' dir='ltr'>plerumque</span> 
     </span>
     <span class='ocr_line' id='line_1_33' title="bbox 231 3158 2079 3225; baseline 0 -18"><span class='ocrx_word' id='word_1_253' title='bbox 231 3159 505 3225; x_wconf 84' lang='lat' dir='ltr'>Vulgatam</span> <span class='ocrx_word' id='word_1_254' title='bbox 547 3165 755 3209; x_wconf 85' lang='lat' dir='ltr'>secutus</span> <span class='ocrx_word' id='word_1_255' title='bbox 794 3175 954 3210; x_wconf 87' lang='lat' dir='ltr'>nouas</span> <span class='ocrx_word' id='word_1_256' title='bbox 988 3162 1156 3210; x_wconf 76' lang='lat' dir='ltr'>textus</span> <span class='ocrx_word' id='word_1_257' title='bbox 1195 3160 1474 3223; x_wconf 86' lang='lat' dir='ltr'>particulas</span> <span class='ocrx_word' id='word_1_258' title='bbox 1516 3159 1832 3225; x_wconf 85' lang='lat' dir='ltr'>adiungeret,</span> <span class='ocrx_word' id='word_1_259' title='bbox 1871 3174 1998 3223; x_wconf 87' lang='lat' dir='ltr'>quae</span> <span class='ocrx_word' id='word_1_260' title='bbox 2030 3158 2079 3207; x_wconf 90' lang='lat' dir='ltr'>in</span> 
     </span>
     <span class='ocr_line' id='line_1_34' title="bbox 230 3243 2079 3311; baseline -0.004 -12"><span class='ocrx_word' id='word_1_261' title='bbox 230 3244 450 3299; x_wconf 78' lang='lat' dir='ltr'>editione</span> <span class='ocrx_word' id='word_1_262' title='bbox 490 3247 662 3297; x_wconf 87' lang='lat' dir='ltr'>nostra</span> <span class='ocrx_word' id='word_1_263' title='bbox 699 3246 844 3296; x_wconf 90' lang='lat' dir='ltr'>uncis</span> <span class='ocrx_word' id='word_1_264' title='bbox 886 3245 1116 3296; x_wconf 88' lang='lat' dir='ltr'>rotundis</span> <span class='ocrx_word' id='word_1_265' title='bbox 1159 3244 1222 3311; x_wconf 62' lang='grc' dir='ltr'>ζ)</span> <span class='ocrx_word' id='word_1_266' title='bbox 1261 3246 1487 3296; x_wconf 89' lang='lat' dir='ltr'>inclusae</span> <span class='ocrx_word' id='word_1_267' title='bbox 1529 3244 1714 3295; x_wconf 87' lang='lat' dir='ltr'>litteris</span> <span class='ocrx_word' id='word_1_268' title='bbox 1755 3244 1976 3294; x_wconf 89' lang='lat' dir='ltr'>cursiuis</span> <span class='ocrx_word' id='word_1_269' title='bbox 2013 3243 2079 3293; x_wconf 88' lang='lat' dir='ltr'>si-</span> 
     </span>
     <span class='ocr_line' id='line_1_35' title="bbox 229 3330 1776 3396; baseline -0.001 -16"><span class='ocrx_word' id='word_1_270' title='bbox 229 3332 458 3396; x_wconf 81' lang='lat' dir='ltr'>gnantur.</span> <span class='ocrx_word' id='word_1_271' title='bbox 497 3330 579 3381; x_wconf 91' lang='lat' dir='ltr'>hic</span> <span class='ocrx_word' id='word_1_272' title='bbox 620 3333 698 3381; x_wconf 87' lang='lat' dir='ltr'>est</span> <span class='ocrx_word' id='word_1_273' title='bbox 734 3331 907 3382; x_wconf 91' lang='lat' dir='ltr'>breuis</span> <span class='ocrx_word' id='word_1_274' title='bbox 948 3334 1253 3395; x_wconf 85' lang='lat' dir='ltr'>conspectus</span> <span class='ocrx_word' id='word_1_275' title='bbox 1288 3330 1776 3381; x_wconf 84' lang='lat' dir='ltr'>additamentorum:</span> 
     </span>
    </p>
   </div>
  </div>
 </body>
</html>
