2470 3718
734 193 989 234 Recensio
1024 192 1328 245 Hieronymi
1362 192 1538 233 15—7.
1990 193 2056 242 27

217 351 387 402 emisit
425 351 693 413 praecepto
734 363 821 412 per
861 347 1119 412 apostolos
1162 346 1375 396 diffundi
1416 347 1477 395 ad
1518 347 1735 396 salutem
1777 347 2057 397 hominum.

218 438 397 502 pedes
455 436 582 484 eius
646 434 881 485 similes
940 433 1290 482 aurichalco
1346 435 1648 495 tamquam
1708 432 1764 480 in
1820 427 2351 524 foi·naee11³Yl‚5²{,——

219 522 534 572 conflatos.
590 521 848 584 apostolos
890 519 1031 578 dicit,
1074 517 1158 581 qui
1197 532 1285 582 per
1324 517 1587 582 passiones
1629 518 1830 567 conflati
1869 519 2061 582 praedi-
2100 497 2353 581 9⁴2-7}⁷31›:-

218 609 462 657 oauerunt
513 606 725 655 uerbum
766 605 898 663 eius;
938 619 1027 667 pei·
1066 617 1192 667 quos
1234 602 1365 652 enim
1406 603 1700 652 ambulabat
1739 604 2063 667 praedicatio,
2124 601 2150 638 7
2180 598 2229 637 in
2261 595 2296 636 S

167 709 186 740 3
218 693 396 742 merito
443 691 596 756 pedes
642 691 979 740 nominantur.
1021 689 1154 738 unde
1193 689 1442 753 propheta
1487 689 1788 751 antioipauit
1828 689 2065 740 dicendo:

221 777 628 836 adorauimus,
670 776 771 825 ubi
812 778 1122 825 steterunt
1168 774 1351 838 pedes
1393 774 1542 835 eiuS,
1585 774 1820 837 quoniam
1864 775 1951 824 ubi
1990 776 2066 824 illi

219 863 439 928 primum
474 864 723 911 steterunt
756 863 805 910 et
839 860 1105 911 ecelesiam
1140 860 1582 920 confirmauerunt,
1616 860 1668 908 id
1702 864 1780 909 est
1811 861 1858 909 in
1895 861 2066 922 ludea,

222 948 290 997 ibi
331 963 502 997 omnes
545 947 708 996 saneti
750 946 1049 996 conuenturi
1083 948 1199 994 sunt
1235 948 1284 994 et
1318 945 1577 994 dominum
1612 961 1761 994 suum
1794 945 2065 996 adoraturi.

112 1030 145 1079 6
295 1032 399 1099 [Et
446 1032 707 1081 habebat
753 1032 815 1080 in
869 1032 1118 1080 dextera
1170 1047 1280 1080 3110
1341 1030 1555 1079 stellas
1606 1030 1871 1095 Septem]
1926 1031 2066 1080 stel-
2091 1033 2137 1100 v17,
2164 1032 2271 1097 ‘163

152 1136 190 1167 11)
222 1120 312 1168 lae
371 1121 599 1182 septem
654 1118 708 1166 in
767 1118 1024 1166 dextera.
1076 1116 1214 1177 dixit,
1257 1116 1375 1179 quia
1415 1116 1625 1179 spiritus
1667 1119 1873 1166 sanetus
1916 1087 2340 1186 septi-{Znikf

224 1203 398 1253 formis
453 1202 659 1251 uirtutis
715 1201 863 1250 datus
914 1206 992 1250 est
1038 1201 1087 1249 in
1136 1204 1444 1264 potestatem
1493 1201 1599 1250 eius
1650 1217 1676 1250 a
1723 1206 1880 1265 patre,
1937 1202 2072 1252 sieut

226 1289 407 1337 Petrus
444 1288 505 1336 ad
536 1287 720 1337 Iudeos
756 1286 1085 1336 exclamauit:
1128 1286 1371 1335 dextera
1405 1286 1497 1334 dei
1531 1287 1836 1336 exaltatus
1872 1302 2070 1351 aceep-

227 1383 349 1423 tum
399 1389 425 1422 a
464 1376 633 1436 patre
675 1372 964 1435 spiritum
1006 1371 1247 1430 effudit,
1297 1372 1452 1420 huno
1503 1387 1671 1434 quem
1720 1372 1974 1423 uidistis
2017 1375 2074 1422 et

227 1459 506 1508 audistis.
563 1458 650 1507 sed
705 1461 754 1506 et
811 1459 1056 1507 lohannes
1105 1457 1332 1521 baptista
1380 1457 1751 1520 anticipauerat
1805 1457 2071 1521 discipulis

160 1562 196 1593 15
231 1545 337 1594 suis
375 1543 610 1594 dicendo:
653 1559 762 1592 non
798 1544 952 1593 enim
986 1543 1054 1592 ad
1087 1558 1423 1592 mensuram
1458 1542 1559 1591 dat
1591 1543 1873 1606 spiritum
1909 1543 2070 1593 deus.

228 1633 397 1694 patei·
438 1632 596 1679 amat
633 1629 836 1678 filium
880 1631 936 1678 et
977 1628 1173 1679 omnia
1214 1628 1382 1677 dedit
1421 1628 1476 1676 in
1517 1644 1690 1677 manu
1741 1629 1885 1678 eius.
1941 1629 2071 1678 istae

229 1719 347 1765 sunt
389 1718 585 1779 septem
628 1715 820 1764 stellae.

122 1808 148 1856 7
301 1800 540 1863 Septem
583 1800 900 1860 ecelesiae,
944 1815 1067 1862 quas
1110 1799 1409 1848 nominatim
1451 1799 1715 1849 uocabulis
1758 1799 1864 1849 suis
1904 1803 2069 1861 uocat,
2108 1805 2144 1855 1,
2176 1802 2237 1843 20

372 1997 396 2035 6
428 1995 498 2035 Ps.
533 1995 629 2044 131,
663 1996 685 2035 7
778 1995 830 2034 12
862 1995 957 2035 Aet.
989 1995 1028 2042 2,
1062 1995 1114 2035 33
1209 1996 1258 2034 15
1291 1994 1382 2035 Ioh.
1416 1995 1454 2043 3,
1487 1995 1554 2036 34.
1589 1996 1642 2035 35

288 2110 305 2149 1
342 2111 575 2162 praecepta
612 2107 661 2160 T,
694 2110 973 2162 praeceptum
1011 2108 1056 2161 C,
1090 2109 1265 2161 0111139
1384 2107 1568 2148 diffundi
1599 2108 1755 2160 scripsi
1787 2122 1881 2148 cum
1905 2110 1959 2159 A,
1994 2107 2076 2147 dif-

227 2180 422 2220 funditur
448 2177 491 2232 Υ,
526 2182 569 2220 et
601 2178 859 2219 diffunditur
884 2179 937 2232 (1),
964 2192 1043 2220 om.
1071 2178 1107 2220 S
1191 2180 1337 2221 uerbis
1370 2179 1579 2220 diffundi.
1601 2212 1608 2220 .
1631 2213 1637 2219 .
1658 2179 1879 2219 hominum
1906 2179 2078 2220 omissis

222 2256 323 2304 post
353 2250 575 2304 apostolos
610 2250 713 2290 add.
748 2250 910 2291 dicens:
949 2251 1024 2299 ite,
1059 2250 1211 2291 docete
1244 2264 1390 2291 omnes
1423 2255 1589 2304 gentes,
1620 2250 1895 2303 baptizantes
1929 2263 1999 2290 eos
2031 2250 2076 2290 111

228 2323 399 2362 nomine
431 2322 568 2374 patris
602 2325 645 2361 et
676 2321 755 2362 filii
788 2324 831 2362 et
863 2321 1041 2375 spiritus
1075 2322 1215 2362 sancti
1248 2321 1429 2373 (Matth.
1464 2323 1538 2371 28,
1572 2323 1644 2372 ⁷19>
1676 2320 1712 2361 S
1804 2321 1827 2359 2
1861 2320 2078 2362 auricalco

234 2392 397 2441 CBFI,
432 2393 617 2434 oricaleo
650 2392 685 2434 S
771 2393 814 2433 in
847 2406 927 2434 om.
966 2392 1043 2432 CB
1104 2394 1128 2433 3
1162 2392 1347 2433 conflato
1372 2391 1495 2441 IKS,
1531 2392 1762 2433 conflatum
1795 2391 1898 2431 FM
1973 2395 2079 2444 post

231 2462 415 2504 conflato
448 2464 541 2515 (sio)
578 2463 682 2504 add.
715 2463 847 2516 pedes
880 2462 915 2504 S
1002 2463 1225 2517 apostolus
1263 2463 1436 2504 TIKM
1525 2464 1626 2516 quia
1650 2463 1746 2503 FK
1831 2463 2077 2515 passionem

228 2533 308 2575 FS
444 2538 546 2584 post
586 2533 760 2574 conflati
801 2533 904 2573 add.
945 2534 988 2573 in
1029 2534 1276 2573 uniuersum
1318 2533 1463 2573 orbem
1505 2532 1549 2584 S,
1590 2534 1633 2572 in
1673 2533 1874 2573 uniuerso
1916 2533 2015 2573 orbe
2052 2546 2081 2585 (s

229 2607 255 2645 4
287 2605 526 2645 ambulauit
556 2605 601 2653 S,
635 2604 830 2645 ambulat
853 2604 901 2645 F
985 2606 1009 2645 5
1041 2604 1271 2658 propheta]
1307 2607 1351 2645 et
1381 2604 1594 2658 propheta
1618 2603 1654 2644 S
1740 2604 1764 2643 6
1804 2603 2079 2644 adorauimus

236 2675 322 2725 TC,
363 2675 592 2717 adoramus
629 2676 686 2728 B,
719 2675 993 2716 adorabimus
1026 2676 1204 2727 (-uimus
1235 2675 1296 2727 F)
1329 2676 1370 2715 in
1403 2675 1496 2716 loco
1528 2675 1565 2715 X
1715 2679 1816 2726 post
1849 2675 1939 2715 eius
1974 2675 2078 2717 add.

233 2749 451 2789 dominum
482 2748 665 2802 primum
700 2748 875 2802 (omisso
909 2748 1128 2802 quoniam)
1156 2747 1234 2788 CB
1317 2749 1339 2789 7
1374 2750 1417 2788 et
1448 2761 1528 2789 om.
1554 2746 1587 2787 Υ
1669 2748 1694 2788 8
1725 2746 1853 2787 iudea
1874 2745 1922 2786 F
2006 2747 2080 2787 ubi

236 2819 312 2860 CB
394 2820 418 2860 9
451 2819 750 2873 Et..septem
784 2819 887 2861 add.
920 2819 958 2859 X
1048 2818 1130 2859 VII
1163 2819 1314 2859 stellas
1346 2818 1398 2858 K
1495 2819 1547 2860 10
1580 2818 1729 2858 stellas
1762 2820 1927 2871 septem
1962 2818 2005 2857 in
2040 2817 2078 2858 d.

232 2889 376 2940 JKM,
407 2890 451 2929 in
485 2889 660 2930 dextera
692 2890 782 2930 eius
815 2890 966 2931 stellas
999 2894 1166 2943 septem
1192 2888 1223 2930 S
1289 2890 1335 2930 11
1365 2888 1639 2942 septeformis
1665 2888 1712 2929 14¹
1794 2891 2014 2941 potestate
2048 2887 2084 2929 S

234 2961 284 3001 12
319 2961 553 3001 exaltatum
577 2961 687 3011 FM,
721 2961 917 3002 exaltata
949 2966 970 3002 e
1008 2961 1048 3001 T
1137 2961 1187 3002 13
1221 2958 1395 3000 uidistis
1429 2963 1472 3000 et
1504 2959 1691 3000 audistis
1725 2959 1765 2998 (Ῐ)
1801 2959 1916 3009 (item
1947 2959 2080 2999 Aeto-

234 3045 327 3072 rum
360 3031 450 3072 cod.
481 3031 737 3086 Cantabriy.
773 3032 850 3073 lat.
884 3037 923 3073 et
954 3032 1235 3073 Luoeouiense
1273 3031 1611 3082 lectionarium),
1651 3029 1811 3070 uidetis
1845 3033 1888 3070 et
1919 3029 2082 3070 auditis

239 3101 313 3143 TS
342 3115 436 3143 cum
474 3101 615 3155 Vuly„
648 3102 807 3144 uidetis
845 3103 922 3144 CB
1028 3103 1080 3143 15
1113 3102 1217 3143 deus
1250 3102 1450 3156 spiritum
1488 3101 1647 3142 CBJK
1749 3101 1800 3141 16
1824 3104 1928 3153 post
1958 3102 2082 3153 pater

235 3173 337 3214 add.
370 3173 514 3226 inquit
545 3172 581 3214 S
703 3187 853 3214 manus
886 3187 906 3215 e
1027 3175 1075 3214 17
1108 3163 1152 3222 {t
1182 3174 1223 3226 I,
1258 3176 1358 3214 sunt
1381 3174 1514 3226 ponit
1542 3178 1640 3226 post
1672 3173 1825 3214 stellae
1854 3186 1891 3225 9,
1926 3185 2006 3213 om.
2039 3171 2090 3210 K

238 3244 287 3285 18
309 3244 565 3285 nominatim
594 3243 684 3294 CB,
710 3245 906 3285 nominat
927 3245 971 3286 111
1003 3244 1081 3286 ΤΧ
1162 3249 1264 3298 post
1288 3245 1541 3285 nominatim
1569 3244 1672 3287 add.
1699 3245 1742 3284 in
1772 3243 1849 3284 CB
1937 3242 2082 3294 uocat]

236 3317 278 3355 et
308 3318 436 3357 uocat
468 3313 523 3366 Φ,
557 3317 600 3356 et
631 3318 759 3357 uocat
791 3329 862 3356 eas
894 3315 930 3356 S
