2470 3718
825 217 1414 271 prolegomenala.
1949 204 2073 254 XIII

217 379 512 430 testimonia
542 379 810 428 testantur.
849 377 1055 426 nomina
1093 380 1389 429 Victorinus
1429 378 1479 425 et
1518 380 1782 430 Victorina
1821 376 1869 426 in
1903 377 2072 427 titulis

217 464 504 515 Pannoniae
542 463 794 513 inferioris
827 461 895 530 (n.
924 464 1078 512 3542.
1106 463 1263 512 3555.
1292 463 1447 511 3591.
1476 462 1633 514 3626.
1660 462 1823 529 3668)
1865 465 1914 511 et
1945 463 2070 512 Pan-

218 551 395 600 noniae
442 549 721 613 superioris
766 552 836 609 (n.
863 549 1020 599 3917.
1048 550 1203 598 3936:
1260 552 1557 601 Victorinus
1604 552 1805 601 decurio
1852 553 2076 602 coloniae

218 656 364 706 eques
400 639 668 689 Romanus
705 639 952 688 sacerdos.
1003 635 1158 683 3974.
1188 634 1326 683 3996
1347 649 1388 682 a.
1417 634 1572 682 4008.
1600 635 1764 693 4143)
1810 649 1959 697 saepe
1993 649 2072 683 oc-

218 726 451 779 currunt3
490 720 805 770 Poetouione
837 720 920 770 1110
952 720 1136 769 titulus
1176 719 1416 768 inuentus
1459 720 1538 768 est
1568 715 1638 784 (n.
1666 718 1853 784 4016):
1894 718 2074 778 Isidis

219 812 336 877 Aug]
358 809 382 873 l
405 812 609 878 siqnum
632 806 655 871 l
679 826 791 859 cum
830 810 918 859 bas
941 806 965 870 l
995 805 1340 868 Victorin(us)
1366 806 1388 866 l
1413 824 1471 857 ex
1523 812 1637 857 uoto
1661 804 1684 868 l
1700 809 1894 873 posuit.
1958 805 2071 853 cnon

218 908 375 957 aeque
413 892 568 942 latine
606 894 666 941 ut
703 894 900 957 graece’
934 894 1181 941 nouerant
1220 894 1453 940 auctores
1493 890 1647 939 huius
1687 890 1828 938 tituli
1867 890 1916 939 in
1948 905 2074 939 urna

219 979 434 1042 quadam
475 977 788 1027 Poetouione
827 978 1011 1040 reperti
1045 975 1115 1043 (n.
1142 975 1329 1042 4075):
1372 973 1711 1043 Εὐσταθίζῳ)
1744 984 1907 1026 ταῦτα
1939 981 2073 1045 qais

218 1070 352 1118 uixit
367 1085 488 1117 ann.
514 1067 580 1117 II
597 1064 685 1127 m(
678 1064 844 1119 enses)
869 1066 1013 1116 VIII
1032 1068 1090 1126 d(
1092 1065 1194 1127 ies)
1210 1063 1233 1127 s
1258 1065 1402 1115 VIII
1422 1062 1683 1130 Λύρήλιοι
1710 1061 2077 1129 Δημήτβρι(ο)ς

218 1149 305 1199 καὶ
347 1146 633 1217 Φηλίκιτας
669 1149 859 1214 γοβνεῖς
898 1145 988 1215 υἱῷ
1029 1145 1236 1216 γνησίῳ.
1300 1148 1451 1197 etiam
1501 1148 1704 1197 nomina
1751 1162 1929 1213 graeca
1975 1161 2071 1196 non

219 1236 403 1285 desunt
440 1233 510 1301 (n.
538 1236 676 1285 4018
712 1232 1007 1300 Χρυσέρως,
1047 1251 1092 1283 n.
1122 1235 1260 1283 4032
1306 1230 1745 1299 Φιλαόέσποτος).
1785 1233 1833 1281 111
1867 1233 1959 1282 tali
1993 1247 2072 1282 co-

220 1321 406 1370 mitatu
451 1320 771 1370 Victorinum
825 1320 1121 1385 episcopum
1169 1318 1358 1368 uixisse
1412 1334 1509 1368 non
1564 1318 1670 1368 sine
1718 1319 1943 1368 utilitate
1992 1318 2073 1367 de-

219 1407 635 1458 monstrauimus.
678 1422 794 1456 eum
818 1406 1169 1471 persecutione
1196 1404 1599 1455 Christianorum
1632 1405 1724 1454 sub
1752 1404 2073 1454 Diocletiano

221 1496 329 1542 orta
360 1493 597 1557 martyrio
633 1494 924 1542 coronatum
958 1507 1069 1541 esse
1103 1494 1297 1541 certum
1332 1494 1431 1550 est;
1464 1490 1716 1539 incertum
1750 1493 1938 1547 autem,
1973 1505 2073 1553 quo

220 1593 344 1628 anno
384 1583 598 1628 mortem
640 1579 836 1628 obierit.
878 1578 1200 1641 suspicamur
1238 1580 1407 1627 autem
1446 1592 1542 1626 non
1582 1576 1681 1624 iam
1721 1576 1898 1639 primis
1938 1591 2075 1625 men—

220 1664 363 1715 sibus
409 1665 778 1729 persecutionis
826 1680 940 1713 eum
993 1664 1244 1728 supplicio
1296 1663 1532 1713 affectum
1584 1678 1712 1723 esse,
1760 1663 1848 1713 sed
1899 1662 2072 1711 eodem

220 1749 322 1799 fere
361 1753 604 1814 tempore,
639 1765 735 1814 quo
775 1751 1029 1810 IrenaeuS,
1065 1750 1336 1814 episcopus
1379 1749 1670 1799 Sirmiensis
1707 1749 1972 1812 (Sirmium
2004 1770 2073 1790 :z

223 1835 519 1902 ‘Min-ovio)
565 1835 615 1884 in
662 1836 921 1886 Pannonia
972 1820 1206 1885 inferiore
1255 1835 1424 1900 gladio
1480 1851 1754 1900 percussus
1812 1837 1904 1884 est.
1962 1835 2072 1883 eius

220 1921 508 1984 passionem
549 1921 810 1984 proferunt
848 1921 1167 1972 Bollandiani
1216 1921 1592 1971 continuatores
1641 1921 1701 1970 ad
1742 1921 1873 1970 diem
1913 1921 2071 1969 XXV.

221 2007 393 2056 Martii
426 2022 467 2056 a.
494 2008 614 2056 304.
657 2007 833 2056 eodem
867 2023 993 2056 anno
1021 2007 1337 2057 Victorinum
1365 2022 1566 2070 quoque
1598 2007 1825 2071 martyrii
1858 2006 2073 2071 gloriam

223 2095 553 2142 consecutum
586 2109 696 2143 esse
737 2094 1015 2144 uerisimile
1055 2096 1145 2143 est.
1206 2093 1663 2159 martyrologorurn
1706 2093 1792 2157 qui
1826 2093 2073 2142 Victorini

221 2179 560 2228 meminerunt
611 2180 805 2243 primus
860 2182 938 2229 est
990 2179 1116 2239 Ado,
1170 2179 1581 2243 archiepiscopus
1635 2178 1955 2238 Viennensis,
2010 2178 2074 2227 ad

223 2263 293 2313 IV
333 2279 487 2314 nonas
526 2264 843 2315 Nouembres
875 2265 948 2314 ita
981 2266 1201 2315 scribens
1237 2263 1302 2332 (c.
1330 2266 1476 2328 860):
1516 2268 1724 2318 Natalis
1756 2270 1919 2317 sancti
1959 2268 2073 2316 'Vic-

224 2356 394 2417 torini,
421 2354 810 2405 Petauionensis
840 2357 1072 2421 episcopi,
1107 2356 1195 2421 qai
1218 2355 1563 2420 persecutione
1594 2353 1905 2403 Diocletiani
1935 2371 2072 2401 mar·

225 2441 357 2505 tyrio
395 2446 662 2490 coronatas
692 2445 763 2491 est
793 2435 1029 2504 (CXXIH
1065 2438 1167 2486 389
1191 2437 1286 2503 Μ).
1331 2436 1513 2486 diffuse
1547 2435 1606 2483 de
1640 2436 1873 2485 omnibus
1905 2435 2075 2495 rebuS‚

226 2537 352 2585 quae
378 2522 439 2569 ad
471 2525 699 2571 sanctum
728 2523 1048 2572 Victorinum
1072 2522 1341 2586 pertinent,
1366 2524 1587 2572 tractant
1610 2526 1742 2575 Acta
1768 2524 2075 2574 Sanctorum

226 2611 528 2661 Nouembris
565 2611 686 2658 toln.
713 2608 737 2657 Ι
768 2608 1175 2658 f01.432—443.
1210 2608 1281 2656 ibi
1306 2606 1415 2674 (fol.
1435 2607 1562 2676 443)
1596 2608 1693 2657 duo
1727 2607 1814 2656 alii
1847 2607 2073 2671 episcopi

223 2694 621 2744 Petauionenses
656 2694 845 2744 saeculi
880 2695 1045 2758 quarti
1078 2696 1444 2744 memorantur:
1483 2694 1735 2758 Apriauus
1771 2696 1820 2743 et
1852 2694 2071 2743 Marcus.

223 2779 310 2829 ille
336 2778 384 2828 in
411 2780 645 2846 catalogo
670 2783 872 2843 patrum
901 2779 1277 2830 Sardicensium
1310 2777 1375 2847 (a.
1400 2778 1527 2848 343)
1553 2780 1762 2845 legitur:
1802 2785 2075 2849 Aprianus

225 2870 284 2919 de
314 2869 586 2920 Petabione
616 2869 919 2920 Pannoniae
951 2866 1087 2932 (LVI
1113 2868 1176 2917 57
1204 2882 1249 2916 n.
1276 2866 1346 2915 XI
1370 2866 1463 2933 M),
1494 2866 1628 2916 hunc
1658 2865 1871 2916 laudant
1901 2867 2071 2930 patres

227 2952 428 3001 concilii
465 2952 809 3016 Aquileiensis
858 2951 1072 3018 (a381)
1119 2953 1168 3001 in
1216 2952 1438 3016 epistula
1485 2952 1546 3001 ad
1600 2950 1919 3015 Gratianum,
1979 2951 2070 2998 Va-

224 3037 575 3098 lentinianum,
609 3038 951 3088 Theodosium
985 3040 1266 3104 AugustOS‚
1315 3041 1610 3087 accusantes
1647 3037 1896 3102 quendam
1919 3037 2073 3086 Iulia—

227 3138 348 3172 num
390 3123 653 3172 Valentem
686 3123 945 3185 Arianum‚
981 3124 1067 3188 qui
1100 3123 1414 3188 aliquamdiu
1448 3124 1619 3173 sedem
1650 3123 2072 3172 Petauionensem

230 3210 585 3272 occupauerat:
618 3213 756 3262 Nam
779 3215 951 3278 primo
982 3213 1260 3263 Petauione
1283 3214 1632 3278 superpositas
1669 3207 1761 3275 (z
1787 3206 2072 3272 superstes)

214 3297 404 3362 fuerat
456 3302 627 3347 sancto
687 3300 800 3348 uiro
853 3299 1045 3362 Marce,
1099 3298 1426 3348 admirabilis
1477 3300 1747 3348 memoriae
1800 3298 2074 3359 sacerdoti,-

229 3383 316 3433 sed
344 3387 678 3449 posteaquam
715 3383 1013 3448 deformiter
1049 3385 1266 3434 deiectus
1307 3401 1339 3433 a
1370 3385 1512 3450 plebe
1548 3388 1634 3448 est,
1686 3386 1774 3450 qui
1797 3384 2074 3433 Petaaione
