2470 3718
711 201 967 241 Recensio
1005 200 1309 253 Hieronymi
1340 200 1439 241 XXI
1471 202 1597 244 2—3.
1965 206 2059 253 151

112 355 143 404 2
297 358 360 406 Et
407 357 522 420 quia
573 357 696 406 dicit
744 357 801 406 in
853 357 1140 406 ciuitate
1189 358 1388 406 solem
1430 374 1547 407 non
1590 374 1732 407 esse
1776 374 2063 409 necessa·
2097 369 2165 417 21,
2197 367 2252 408 23

222 443 397 501 rium,
454 442 714 492 euidenter
775 442 1002 492 ostendit
1056 445 1333 491 creatorem
1388 443 1639 492 luminum
1700 445 2062 493 inmaculatum

221 529 416 591 fulgere
455 529 503 576 in
546 528 711 577 medio
747 528 872 587 eius,r
909 528 1053 577 cuius
1088 528 1405 591 splendorem
1448 530 1620 578 nullus
1661 531 1847 592 poterit
1888 546 2065 579 sensus

223 617 446 678 cogitare
487 629 579 663 nec
620 614 796 679 lingua
835 613 1084 678 proloqui.
1126 629 1191 662 ex
1233 617 1548 677 quattuor
1586 616 1888 678 partibus
1931 631 2060 678 por-
2093 626 2161 673 21,
2196 624 2262 665 13.
2298 624 2348 665 21

171 701 325 747 51:218
355 698 724 749 dicitternas
759 715 919 758 esse,
947 700 1204 763 positas
1239 715 1304 748 ex
1338 700 1628 764 singulis
1665 702 2064 763 margaritis:

221 787 462 848 quattuor
493 785 707 834 arbitror
740 801 850 834 esse
884 786 1122 834 uirtutes:
1156 785 1490 849 prudentiam,
1518 786 1888 845 fortitudinem,
1922 788 2067 835 iusti—

220 873 360 928 tiam,
394 870 798 935 temperantiam,
836 886 962 934 quae
995 870 1212 920 inuicem
1256 871 1349 919 sibi
1393 872 1600 920 haerent
1640 875 1688 921 et
1729 872 1846 920 dum
1887 876 2065 921 mutuo

222 956 499 1004 miscentur
540 955 905 1005 duodenarium
948 955 1175 1005 efficiunt
1213 971 1498 1006 numerum.

114 1038 145 1088 3
298 1042 528 1091 Portae
575 1057 696 1091 uero
739 1041 1102 1091 duodecim:
1144 1042 1491 1105 apostolorum
1533 1058 1645 1092 esse
1688 1043 1938 1092 credimus
1980 1060 2065 1092 nu-
2098 1051 2165 1100 21,
2200 1051 2250 1090 21

151 1143 189 1174 10
224 1142 435 1187 merum,
484 1127 566 1190 qui
621 1128 671 1176 in
725 1129 968 1191 quattuor
1021 1127 1298 1176 uirtutibus
1354 1132 1410 1176 ut
1463 1129 1714 1192 pretiosae
1769 1129 2068 1193 margaritae

225 1213 477 1277 fulgentes
518 1214 613 1262 iter
652 1212 843 1262 sanctis
885 1244 951 1248 -
983 1214 1154 1262 lumen
1197 1214 1454 1262 doctrinae
1496 1229 1615 1263 suae
1648 1244 1715 1249 -—-
1748 1215 2069 1263 manifestan-

222 1301 298 1347 tes
334 1298 394 1346 ad
428 1298 691 1347 ciuitatem
724 1302 1013 1348 sanctorum
1045 1299 1240 1363 ingredi
1275 1299 1484 1359 faciunt,
1511 1303 1568 1347 ut
1593 1300 1652 1349 de
1687 1301 2070 1349 conuersatione

226 1398 396 1432 eorum
418 1384 951 1449 angelorumlaetetur
969 1385 1168 1435 chorus
1196 1400 1310 1433 non
1344 1400 1538 1447 posse
1573 1386 1790 1435 claudi
1824 1390 2067 1451 portas:
2102 1393 2170 1440 21,
2203 1393 2257 1432 25

225 1468 484 1518 euidenter
522 1469 809 1518 ostenditur
848 1470 990 1518 nulla
1028 1470 1482 1520 contradicentium
1522 1474 1827 1534 tempestate
1869 1475 2070 1534 aposto-

154 1570 193 1601 15
224 1553 389 1602 lorum
429 1554 709 1604 doctrinam
750 1556 992 1619 superari.
1035 1556 1187 1605 etiam
1234 1556 1422 1606 fluctus
1472 1558 1699 1621 gentium
1742 1559 1791 1605 et
1829 1558 2071 1606 heretico·

226 1655 336 1687 rum
362 1639 540 1688 insana
565 1640 928 1704 superstitione
955 1641 1074 1689 dum
1102 1641 1163 1690 ad
1189 1641 1339 1690 fidem
1366 1657 1538 1690 ueram
1572 1641 1779 1703 furiunt,
1805 1645 2071 1705 superatae

229 1739 400 1773 eorum
451 1740 660 1789 spumae
709 1726 1081 1786 dissoluuntur,
1129 1727 1247 1790 quia
1293 1730 1434 1790 petra
1483 1727 1715 1777 Christus
1766 1733 1859 1786 est,
1910 1744 1935 1775 a
1975 1743 2073 1790 quo

229 1814 278 1858 et
332 1825 418 1874 per
471 1827 621 1874 quem
677 1812 890 1861 ecclesia
943 1811 1153 1861 fundata
1207 1812 1361 1861 nullis
1416 1812 1658 1862 fiuctibus
1712 1813 2070 1870 insanientium

378 2049 427 2089 17
462 2049 513 2090 cf.
545 2049 565 2089 Ι
599 2049 694 2091 Cor.
731 2050 797 2102 10,
829 2053 855 2092 4

290 2191 315 2230 2
346 2189 488 2231 lumen
520 2205 548 2245 y
636 2192 944 2234 inmaculatum
979 2207 1059 2234 om.
1099 2194 1175 2234 CB
1242 2194 1266 2234 3
1300 2195 1493 2248 potuerit
1526 2194 1571 2246 S,
1604 2197 1777 2247 poterat
1807 2194 1888 2234 JK
1952 2196 1976 2234 4
2011 2195 2076 2247 ex}

235 2261 349 2313 quod
382 2276 428 2303 ex
461 2263 497 2304 S
617 2263 641 2304 5
673 2265 892 2305 terraenas
924 2264 972 2304 F
1093 2265 1284 2319 positas.
1307 2299 1313 2306 .
1334 2266 1519 2306 arbitror
1551 2279 1643 2306 esse
1677 2278 1755 2306 om.
1795 2265 1871 2306 CB
1895 2270 2079 2318 propter

233 2334 601 2376 homoeoteleuton
717 2336 873 2389 positis
905 2337 938 2376 I
1051 2337 1075 2376 6
1109 2338 1311 2390 uirtutes]
1347 2337 1450 2380 add.
1484 2337 1693 2378 uidelicet
1724 2336 1759 2377 S
1890 2338 1910 2376 7
1947 2338 2073 2389 quae]

235 2418 358 2457 quein
390 2406 428 2445 T
485 2407 509 2446 9
544 2409 686 2460 portas
717 2407 819 2460 CBq
910 2407 1123 2448 credimus
1156 2421 1237 2449 om.
1263 2409 1345 2448 JK
1405 2409 1456 2449 10
1478 2409 1521 2449 in
1554 2422 1633 2449 om.
1661 2408 1740 2449 JK
1825 2408 1888 2461 ut]
1924 2412 1967 2448 et
2000 2407 2076 2447 ΤΦ

236 2477 283 2518 11
320 2477 562 2531 fulgentiae
594 2479 688 2524 TF,
720 2479 990 2532 fulgentibus
1023 2479 1059 2521 S
1151 2480 1236 2521 iter
1273 2480 1356 2528 TS,
1392 2483 1435 2521 et
1467 2480 1554 2525 JK,
1587 2481 1702 2520 inter
1734 2484 1807 2521 cet.
1906 2482 2077 2519 sanctos

239 2547 397 2602 CBM9
459 2550 510 2590 12
542 2549 596 2590 ad
630 2563 710 2591 om.
743 2549 779 2591 S
865 2553 1108 2592 sanctorum
1142 2550 1234 2599 ΥἩ,
1268 2553 1457 2592 sanctam
1492 2551 1638 2597 IKM‚
1674 2551 1874 2591 celestem
1910 2550 1945 2591 S
2033 2553 2079 2590 ut

236 2617 304 2672 de]
339 2619 451 2661 unde
484 2619 525 2663 §B
617 2622 667 2662 13
700 2622 892 2662 letentur
923 2622 1040 2662 chori
1079 2623 1154 2663 CB
1308 2622 1449 2676 posse]
1487 2622 1590 2664 add.
1626 2624 1768 2662 autem
1803 2621 1839 2663 S
1981 2635 2077 2673 por-

234 2693 304 2730 tae
343 2690 497 2745 TKM,
530 2705 610 2733 om.
644 2692 691 2733 F
799 2693 852 2734 14
885 2692 1275 2735 contradictionum
1310 2692 1350 2736 Q
1458 2695 1510 2733 1'o
1543 2693 1740 2734 doctrina
1771 2693 1960 2746 separari
1998 2691 2084 2732 TF

286 2767 388 2814 post
418 2775 616 2817 separare
648 2765 855 2818 (separari
885 2767 928 2820 9)
961 2764 1064 2806 add.
1100 2779 1123 2805 a
1154 2765 1416 2806 rectitudine
1450 2764 1485 2806 S
1658 2765 1787 2806 etiam
1829 2764 1874 2812 T,
1909 2763 2080 2804 etiamsi

237 2837 311 2874 cet.
428 2834 562 2876 fluctu
593 2834 676 2876 JK
790 2837 849 2888 et]
882 2837 952 2877 uel
988 2836 1067 2877 CB
1166 2837 1216 2876 16
1249 2836 1416 2889 insana]
1452 2849 1588 2877 uanae
1622 2835 1658 2876 S
1772 2835 2077 2889 superstitione

245 2903 368 2953 TIQ,
409 2907 763 2961 superstitionem
803 2906 863 2953 K,
902 2907 1235 2960 superstitiones
1273 2907 1375 2960 MS,
1417 2907 1668 2960 superstitio
1713 2906 1790 2947 CB
1980 2905 2078 2945 dum

238 2990 317 3019 om.
352 2977 386 3018 S
501 2991 525 3018 a
555 2977 638 3018 fide
670 2990 773 3018 uera
803 2976 858 3023 Β,
893 2992 916 3018 a
947 2977 1032 3019 fide
1061 2977 1139 3018 CB
1242 2977 1296 3018 ad
1327 2978 1452 3018 fidem
1482 3013 1489 3020 .
1518 3008 1527 3018 .
1552 2977 1737 3030 furiunt]
1773 2980 1921 3017 contra
1952 2975 2076 3016 fidem

240 3061 384 3090 eorum
416 3063 560 3090 ueram
591 3050 901 3090 insurrexerint
923 3049 960 3091 S
1044 3050 1211 3090 furiunt
1242 3050 1410 3102 scripsi.
1444 3049 1617 3090 fuerant
1648 3049 1696 3095 Τ,
1729 3048 1892 3089 fuerint
1923 3046 2078 3097 FMOE,

238 3120 371 3161 fuerit
397 3121 485 3168 CB,
518 3134 598 3162 om.
624 3121 704 3161 JK
789 3123 1018 3175 superatae
1042 3121 1212 3174 scripsi,
1237 3121 1428 3174 superati
1459 3119 1724 3171 TFIKMS,
1756 3121 1959 3173 superata
1989 3119 2078 3169 CB,

240 3192 429 3245 separati
459 3192 500 3236 58
593 3194 642 3233 17
677 3206 820 3234 eorum
855 3205 936 3233 om.
959 3206 986 3246 9
1104 3193 1297 3246 spumae]
1330 3196 1377 3233 ut
1410 3205 1587 3245 spumae
1617 3191 1720 3244 0139
1838 3190 2078 3231 dissoluan-

239 3266 312 3303 tur
343 3262 431 3311 JK,
465 3262 760 3303 dissoluentur
787 3276 813 3316 9
919 3261 970 3303 18
1002 3261 1186 3303 fundata
1223 3262 1391 3314 scripsi,
1431 3262 1602 3302 firmata
1638 3261 1727 3309 CB,
1767 3260 1974 3301 fundatur
2006 3263 2078 3299 cet.

290 3337 394 3386 post
424 3332 632 3374 fundatur
663 3333 766 3374 add.
799 3333 983 3387 ideoque
1017 3332 1051 3374 S
