2470 3718
121 355 151 404 3

157 1153 198 1185 1⁴)

163 1581 200 1612 15

702 202 955 243 Recensio
989 202 1294 257 Hieronymi
1327 204 1361 244 V
1395 205 1539 249 3—V1
1576 207 1609 246 1.
2002 211 2065 259 67

302 358 540 424 Viginti
567 361 855 422 quattuor
881 359 1147 409 seniores
1177 363 1232 409 et
1259 365 1549 424 quattuor
1573 363 1858 413 animalia
1884 364 2066 413 citha·
2100 370 2137 420 5,
2173 368 2212 409 8.
2245 369 2269 408 9

228 461 321 495 ras
378 447 435 494 et
487 444 668 493 fialas
723 443 1033 505 habentes,
1098 447 1408 494 cantantes
1466 448 1770 497 canticum
1825 465 2066 499 nouum:

231 530 497 580 coniuncta
549 529 739 579 ueteris
788 530 1086 579 testamenti
1139 530 1447 594 praedicatio
1496 547 1611 581 cum
1651 548 1781 583 nouo
1822 536 2065 598 populum

230 616 565 666 christianum
606 615 831 665 ostendit
870 617 1156 664 cantantem
1199 616 1453 665 canticum
1487 633 1693 678 nouum,
1733 619 1783 668 id
1833 623 1910 669 est
1957 636 2069 670 con-

228 701 504 751 fessionem
545 717 690 752 suam
728 701 933 765 publice
981 701 1365 750 conferentium.
1420 718 1609 753 nouum
1659 706 1737 753 est
1780 705 1942 754 filium
1993 706 2066 755 dei

227 788 481 838 hominem
535 787 659 848 fieri,
721 802 911 836 nouum
966 786 1117 835 etiam
1180 787 1395 836 eundem
1450 789 1509 837 ab
1571 790 1859 840 hominibus
1922 792 2072 842 morti

227 873 376 934 tradi,
445 889 636 924 nouum
705 873 785 922 die
854 873 1006 922 tertia
1073 888 1352 938 resurgere,
1421 890 1611 924 nouum
1683 891 1795 924 cum
1866 892 2071 940 corpore

228 960 274 1008 in
310 958 463 1008 caelis
496 959 782 1020 ascendere,
816 975 1005 1010 nouum
1039 958 1392 1009 remissionem
1425 963 1748 1025 peccatorum
1781 962 2071 1012 hominibus

231 1045 352 1107 dari,
392 1060 582 1095 nouum
629 1045 811 1110 spiritu
859 1046 1034 1094 sancto
1076 1045 1264 1110 signari
1302 1046 1550 1107 homines,
1606 1062 1798 1096 nouum
1847 1049 2072 1098 sacerdo-

229 1132 358 1180 tium
399 1131 627 1195 accipere
661 1145 830 1181 sacrae
863 1131 1234 1181 obseruationis
1269 1134 1319 1181 et
1350 1147 1561 1196 regnum
1595 1134 1855 1197 expectare
1887 1134 2071 1182 inmen-

231 1232 315 1266 sae
369 1216 792 1281 repromissionis
850 1217 1041 1266 cithara
1096 1217 1244 1277 enim,
1311 1218 1495 1267 chorda
1548 1221 1595 1266 in
1651 1218 1789 1284 ligno
1853 1222 2072 1280 extensa,

232 1302 487 1367 significat
541 1317 737 1352 carnem
795 1301 978 1352 Christi
1038 1303 1289 1366 passionis
1351 1304 1489 1368 ligno
1554 1305 1890 1363 coniunctam,
1960 1305 2075 1354 fiala

232 1388 601 1439 confessionem
636 1390 686 1438 et
715 1388 835 1438 noui
868 1388 1138 1438 sacerdotii
1170 1388 1515 1453 propaginem.
1550 1390 1899 1454 angelorum
1932 1392 2073 1440 mul-
2106 1410 2143 1459 5,
2180 1409 2226 1448 11

230 1479 447 1524 torum:
495 1474 650 1524 immo
707 1474 949 1533 omnium,
999 1474 1136 1523 salus
1194 1478 1243 1522 et
1297 1474 1649 1524 testimonium
1705 1477 1754 1524 et
1806 1476 2074 1525 uniuersae

233 1559 500 1610 creationis
541 1560 743 1610 domino
776 1562 946 1610 nostro
979 1559 1305 1609 referentium
1339 1560 1730 1624 gratulationem
1762 1561 2075 1610 liberationis

231 1645 493 1694 hominum
533 1644 592 1694 de
634 1646 775 1695 clade
815 1645 1007 1696 mortis.

1040 1798 1162 1840 CAP.
1196 1799 1267 1839 VI.

305 1887 601 1952 Resignatio
643 1887 947 1951 sigillorum,
990 1890 1047 1935 ut
1087 1886 1320 1946 diximus,
1364 1887 1552 1951 apertio
1596 1890 1674 1936 est
1704 1888 1890 1936 ueteris
1923 1889 2076 1936 testa-

232 1972 391 2021 menti
445 1975 495 2021 et
546 1973 953 2036 praedicatorum
1007 1973 1381 2036 praenuntiatio
1429 1973 1478 2020 in
1527 1972 1807 2022 nouissimo
1849 1975 2075 2036 tempore

232 2058 543 2117 futurorum3
587 2073 714 2122 quae
751 2058 873 2107 licet
911 2058 1161 2121 scriptura
1201 2058 1497 2122 prophetica
1536 2074 1625 2122 per
1665 2059 1867 2123 singula
1907 2059 2074 2122 sigilla

237 2144 387 2204 dicat,
443 2144 675 2194 omnibus
733 2147 899 2194 tamen
957 2144 1111 2194 simul
1167 2144 1354 2208 apertis
1411 2144 1598 2209 sigillis
1648 2144 1870 2193 ordinem
1910 2146 2076 2193 tamen

293 2271 312 2311 1
340 2275 445 2324 post
474 2271 634 2325 uiginti
669 2271 773 2312 add.
806 2274 947 2312 autem
981 2271 1029 2312 F
1157 2272 1180 2311 2
1209 2275 1311 2324 post
1342 2271 1463 2312 fialas
1498 2271 1601 2311 add.
1635 2284 1785 2311 aureas
1818 2271 1869 2311 K
1977 2274 2079 2321 post

233 2341 447 2384 habentes
479 2343 584 2384 add.
617 2345 661 2384 et
691 2343 729 2383 X
790 2343 813 2383 3
844 2341 1161 2398 nouumJDCB
1252 2342 1410 2396 populo
1436 2342 1587 2383 FKM
1644 2343 1670 2383 4
1702 2342 1907 2394 ostendit]
1943 2342 2076 2394 signi-

234 2413 336 2455 ficat
367 2413 404 2455 S
488 2417 736 2456 cantantem
768 2427 850 2456 om.
882 2415 943 2463 H,
977 2416 1202 2455 cantantes
1227 2414 1325 2456 FK
1389 2415 1413 2454 5
1447 2414 1738 2454 conferentem
1776 2413 1901 2466 GBS,
1936 2413 2077 2453 confe-

235 2487 380 2525 rentes
398 2485 450 2526 K
505 2486 530 2526 6
555 2499 715 2526 nouum
741 2487 868 2527 etiam
889 2498 1169 2538 ..resurgere
1187 2485 1371 2538 praebet
1388 2485 1443 2538 F,
1470 2498 1551 2527 om.
1575 2490 1650 2527 cet,
1675 2489 1713 2526 et
1729 2486 1900 2526 Beatus
1918 2498 1965 2536 p.
1984 2485 2080 2524 289

236 2557 258 2596 7
276 2561 382 2609 post
405 2570 564 2597 nouum
592 2557 688 2608 (alt.
708 2561 747 2598 et
764 2558 841 2598 lin.
862 2561 903 2599 8.
926 2559 969 2610 9)
989 2556 1093 2598 add.
1112 2560 1178 2597 est
1202 2557 1278 2597 TX
1296 2562 1453 2609 quater
1542 2561 1645 2597 ante
1669 2570 1763 2598 cum
1790 2556 1892 2596 add.
1920 2569 2015 2596 eum
2032 2555 2085 2595 H

236 2630 260 2668 8
285 2627 330 2668 in
356 2628 496 2669 caelos
520 2627 636 2682 0139,
655 2627 709 2669 ad
728 2629 841 2670 celos
858 2628 920 2680 K,
938 2629 983 2669 in
1008 2628 1174 2669 caelum
1200 2627 1298 2668 FH
1361 2628 1385 2669 9
1407 2627 1506 2668 dare
1524 2627 1561 2668 X
1649 2640 1807 2668 nouum
1828 2658 1836 2667 .
1858 2627 2079 2667 .homines

236 2711 318 2740 om.
350 2698 386 2740 S
479 2704 628 2741 sancto
662 2701 818 2754 spiritu
850 2700 920 2753 By
1008 2700 1180 2754 signare
1221 2698 1299 2739 ΤΦ
1365 2699 1411 2740 11
1449 2699 1578 2740 corda
1616 2698 1701 2740 TF
1788 2698 1959 2740 cordam
1992 2698 2019 2737 i.
2050 2697 2079 2737 l.

237 2771 689 2824 extensam-DmICB
784 2771 835 2812 12
859 2776 964 2825 post
995 2770 1215 2825 significat
1248 2770 1354 2812 add.
1385 2770 1431 2811 id
1464 2774 1529 2812 est
1560 2769 1593 2810 Υ
1692 2771 1742 2811 13
1777 2771 1835 2823 et]
1871 2783 1918 2811 ex
1949 2769 2079 2810 DCB

235 2842 473 2896 propagine
504 2842 581 2883 OB
660 2847 765 2896 post
790 2856 968 2897 propag.
996 2842 1101 2884 add.
1128 2842 1318 2883 etDCB
1399 2847 1502 2895 post
1526 2842 1776 2896 angelorum
1806 2842 1910 2882 add.
1937 2844 2011 2881 aut
2035 2841 2080 2891 S,

237 2915 424 2966 autemy
487 2914 539 2954 14
558 2918 661 2967 post
682 2915 814 2955 immo
843 2914 947 2955 add.
973 2914 1163 2955 omnium
1188 2914 1282 2954 laus
1301 2913 1337 2955 S
1423 2913 1629 2967 omnium]
1658 2913 1856 2954 omnibus
1887 2911 2079 2963 TFMffi,

237 2983 485 3026 hominibus
516 2985 570 3026 H
596 2986 715 3041 (item
745 2986 883 3027 Beati
915 2986 1008 3028 cod.
1040 2985 1295 3039 Buryensis)
1389 2985 1503 3026 salus
1528 3005 1581 3020 :z
1609 2981 1840 3040 ἀσπασμός,
1873 2982 2079 3024 salutatio

296 3055 413 3097 salus
431 3058 476 3097 et
490 3058 594 3098 test.
611 3068 693 3098 om.
709 3057 841 3098 DC'B
906 3058 957 3098 15
977 3057 1226 3110 creationis]
1249 3056 1559 3098 dominationis
1576 3056 1635 3108 D,
1662 3055 1982 3096 dominationes
2005 3052 2082 3093 CB

295 3126 554 3168 referentiae
584 3127 633 3181 T,
658 3128 934 3170 referentiam
958 3128 1017 3181 D,
1042 3128 1230 3169 referent
1254 3128 1339 3169 iam
1369 3128 1449 3169 CB
1537 3126 1892 3181 gratulationem]
1918 3124 2080 3178 gratia-

238 3211 332 3239 rum
363 3199 577 3240 actionem
614 3198 691 3240 CB
782 3200 833 3240 19
865 3199 1167 3254 pronuntiacio
1200 3199 1252 3240 H
1354 3199 1407 3241 20
1440 3199 1586 3252 sigilla
1616 3197 1662 3248 S,
1695 3197 1868 3250 singula
1904 3196 1941 3236 Τ
1970 3195 2081 3247 (bis),

240 3283 323 3311 om.
348 3274 423 3312 cet.
493 3270 544 3311 21
580 3269 729 3312 dicant
764 3271 947 3324 TFHS,
981 3270 1087 3312 dicit
1122 3270 1200 3311 CB
1291 3283 1438 3312 omnes
1470 3270 1598 3311 simul
1631 3269 1799 3322 sigillos
1833 3269 2004 3321 apertos
2036 3264 2087 3305 K

297 3342 444 3382 tamen
477 3340 555 3382 alt.
589 3353 670 3382 om.
704 3339 740 3382 S

1972 3419 2025 3460 5*
