2470 3718
598 221 858 264 Recensio
891 218 1200 273 Hieronymi
1232 217 1336 258 XIII
1368 220 1411 259 et
1441 218 1563 259 XVII
1594 218 1719 258 2—3.
1977 220 2074 268 121

235 385 439 431 ‘cornua
485 380 675 429 decem'
730 381 780 428 et
834 378 1027 427 ‘decem
1082 376 1386 426 diademata?
1436 376 1651 425 Danihel
1713 376 1955 426 ostendit:
2009 377 2077 424 ‘et

232 467 329 516 tria
353 465 593 516 eradicari
618 466 677 514 de
701 464 988 528 prioribus‘,
1013 463 1106 513 hoc
1133 465 1225 524 est,
1250 465 1351 512 tres
1379 462 1532 511 duces
1558 462 1822 526 primarios
1850 462 1908 510 ab
1935 461 2077 510 Anti-

233 552 419 602 christo
444 550 675 600 interfici.
702 552 896 600 ceteros
923 550 1118 612 septem
1144 547 1260 597 dare
1283 548 1360 596 illi
1383 549 1451 597 ‘et
1473 547 1713 597 honorem
1740 550 1789 596 et
1807 546 2075 596 consilium

233 639 283 686 et
304 636 646 701 potestatem',
676 636 735 685 de
762 635 946 699 quibus
980 634 1069 683 ait:
1102 633 1164 683 hi
1199 634 1423 683 odient
1452 633 1862 682 meretricem
1894 662 1962 666 „-
1995 647 2073 680 ur-
2107 631 2172 683 17,
2209 631 2258 671 16

180 737 199 769 5
232 722 346 771 bem
386 722 584 772 scilicet
624 721 748 770 dicit
787 750 870 780 —,
922 722 982 769 et
1029 734 1254 769 carnes
1305 719 1446 768 eius
1496 719 1877 768 comburent
1924 718 2071 782 igni.

122 804 154 855 3
304 807 502 857 Unum
551 810 721 856 autem
769 805 839 854 de
888 805 1228 868 capitibus
1272 805 1561 855 occisum
1602 804 1661 852 in
1702 806 1967 853 mortem
2012 805 2071 851 et
2106 802 2168 852 13,
2205 801 2228 840 3

229 893 422 957 plaga
467 891 698 942 mortis
748 892 886 941 eius
938 893 1164 940 curata
1214 893 1338 940 est:
1387 890 1638 940 Neronem
1686 890 1822 938 dicit.
1872 890 2073 938 constat

228 978 378 1038 enim,
413 978 533 1028 dum
564 978 916 1041 insequeretur
948 992 1062 1026 eum
1098 977 1356 1040 equitatus
1390 977 1580 1026 missus
1615 991 1642 1024 a
1674 977 1868 1032 senatu,
1903 974 2071 1036 ipsum

228 1064 327 1113 sibi
383 1064 555 1129 gulam
612 1062 909 1113 succidisse.
965 1063 1099 1111 hunc
1154 1077 1272 1127 ergo
1329 1062 1635 1112 suscitatum
1692 1060 1816 1109 deus
1870 1059 2072 1108 mittere

154 1165 196 1198 10
228 1165 399 1216 regem
446 1150 654 1215 dignum
705 1149 869 1213 dignis
919 1151 968 1198 et
1016 1148 1291 1212 Christum,
1335 1149 1536 1211 qualem
1581 1149 1873 1196 meruerunt
1910 1145 2070 1194 Iudei.

226 1238 276 1285 et
322 1236 558 1300 quoniam
613 1235 751 1284 aliud
803 1250 986 1283 nomen
1040 1234 1307 1283 afferturus
1364 1236 1456 1295 est,
1510 1233 1660 1281 aliam
1709 1231 1861 1281 etiam
1911 1231 2070 1280 uitam

222 1321 510 1381 institurus,
551 1323 609 1369 ut
649 1320 720 1369 sic
763 1335 878 1368 cum
917 1322 1178 1383 tamquam
1221 1318 1482 1369 Christum
1523 1318 1773 1381 excipiant
1810 1317 1969 1366 Iudei.
2002 1318 2072 1367 ait

226 1407 356 1456 enim
398 1406 635 1455 Danihel:
681 1405 1007 1455 desideria
1046 1405 1393 1454 mulierum
1449 1420 1567 1454 non
1609 1406 1963 1469 cognoscet
2002 1433 2070 1436 ——

225 1507 339 1541 cum
372 1493 512 1556 prius
545 1492 697 1540 fuerit
728 1491 1092 1556 inpurissimus
1127 1521 1192 1526 —
1228 1493 1289 1540 et
1319 1490 1568 1540 nullum
1603 1490 1784 1538 deum
1817 1491 2069 1553 patrum

152 1593 192 1626 15
226 1593 486 1628 suorum
534 1579 910 1642 cognoscet.
959 1592 1055 1626 non
1104 1576 1236 1625 enim
1286 1576 1525 1626 seducere
1580 1574 1768 1639 poterit
1821 1575 2067 1639 populum

225 1664 642 1724 circumcisionis,
701 1663 799 1713 nisi
852 1663 981 1728 legis
1045 1663 1113 1712 sit
1166 1662 1436 1712 uindictor.
1493 1662 1707 1725 denique
1763 1664 1812 1710 et
1866 1662 2067 1710 sanctos

224 1765 320 1799 non
353 1750 414 1799 ad
437 1749 574 1799 idola
607 1750 818 1799 colenda
847 1751 1180 1798 reuocaturus
1215 1748 1304 1798 sed
1337 1748 1398 1797 ad
1432 1748 1871 1798 circumcisionem
1905 1746 2069 1796 colen-

226 1836 357 1896 dam,
398 1835 441 1884 si
480 1850 606 1898 quos
646 1835 872 1899 potuerit
911 1834 1168 1895 seducere,
1207 1834 1279 1883 ita
1320 1833 1524 1883 demum
1565 1832 1714 1881 fidem
1760 1832 1914 1881 faciet
1953 1833 2066 1895 sibi,

370 2059 388 2098 1
426 2058 479 2099 cf.
510 2058 643 2111 Apoc.
680 2059 744 2110 13,
781 2058 799 2098 1
893 2057 944 2098 cf.
978 2057 1089 2098 Dan.
1123 2058 1159 2109 7,
1193 2058 1218 2098 8
1309 2058 1333 2098 3
1368 2057 1420 2099 cf.
1452 2057 1586 2111 Apoc.
1622 2058 1687 2108 17,
1716 2058 1766 2097 13
1860 2057 1952 2108 121,
1986 2057 2067 2097 6—

226 2130 320 2182 123,
351 2130 395 2187 4]
430 2129 483 2182 cf.
516 2129 702 2170 Beatum
725 2144 773 2182 p.
810 2131 895 2170 441
927 2134 966 2170 et
1001 2131 1095 2169 442
1186 2130 1237 2170 13
1271 2129 1381 2169 Dan.
1415 2130 1482 2182 11,
1514 2129 1567 2169 37

283 2286 302 2326 1
339 2286 513 2338 cornua]
550 2299 727 2327 coronas
760 2285 795 2326 S
882 2288 925 2326 et
958 2284 1105 2325 decem
1139 2298 1219 2326 om.
1260 2284 1382 2327 Tm}
1452 2286 1476 2325 2
1511 2285 1727 2326 eradicare
1760 2283 1880 2326 IKQ}
1948 2285 1971 2325 3
2004 2284 2069 2324 illi

226 2359 269 2397 et
307 2355 448 2409 TDffi,
480 2357 577 2397 illos
612 2360 654 2397 et
685 2356 752 2405 M,
785 2357 873 2397 illis
907 2360 950 2397 et
980 2355 1037 2408 F,
1069 2356 1157 2396 illis
1189 2356 1252 2407 II,
1285 2356 1351 2397 illi
1382 2362 1454 2398 cet.
1547 2358 1573 2396 4
1605 2356 1651 2396 hi
1683 2368 1763 2396 om.
1796 2356 1833 2395 Τ
1933 2369 2067 2397 mere-

223 2428 375 2469 tricem
401 2427 500 2468 odio
523 2427 753 2468 habebunt
777 2426 862 2469 ‹hffi
930 2430 954 2469 5
980 2427 1103 2480 dicit]
1133 2440 1355 2467 romanam
1380 2425 1621 2479 HIKMSB,
1646 2427 1752 2467 dicit
1783 2440 2002 2468 romanam
2026 2427 2074 2467 F

280 2499 536 2541 comburent
566 2500 674 2552 igni]
710 2499 938 2540 comedent
970 2500 1013 2539 ct
1044 2499 1182 2552 ipsam
1218 2499 1331 2552 (ipsa
1361 2499 1424 2554 F)
1456 2501 1634 2539 exurent
1665 2499 1741 2553 <-it
1771 2499 1836 2551 K)
1866 2499 1959 2552 igni
1984 2497 2068 2541 (DQ

223 2571 247 2611 6
282 2584 330 2612 ex
362 2569 579 2625 capitibus
618 2571 707 2611 suis
747 2573 972 2624 tamquam
1010 2570 1256 2622 iugulatum
1297 2573 1407 2621 (-tus
1439 2569 1499 2621 F>
1539 2570 1595 2610 ad
1633 2573 1815 2611 mortem
1857 2573 1899 2611 et
1938 2571 2068 2624 plaga

225 2645 334 2695 (-am
367 2642 425 2695 Q)
456 2643 609 2683 mortis
643 2643 734 2683 eius
767 2645 921 2684 sanata
953 2644 1019 2683 cst
1049 2642 1266 2696 (sanatam
1299 2656 1392 2684 esse
1425 2641 1481 2692 Q)
1515 2641 1599 2687 (Dffi
1773 2645 1911 2684 morte
1942 2643 2072 2684 DCB

223 2715 247 2755 8
278 2715 522 2768 insequitur
552 2714 634 2754 IK
716 2715 740 2755 9
776 2715 938 2769 guilain
978 2714 1082 2766 TM,
1115 2715 1278 2755 uuilam
1310 2714 1356 2754 F
1469 2715 1619 2755 mittet
1646 2713 1800 2767 CByffi,
1831 2714 1970 2755 mittit
1994 2714 2073 2755 JK

225 2786 277 2827 10
309 2799 455 2839 regem
486 2798 566 2826 om.
600 2785 681 2825 JK
788 2785 934 2839 dignis
968 2788 1011 2826 et
1043 2784 1281 2838 Christum]
1315 2785 1390 2827 sed
1425 2785 1603 2840 dignum
1632 2799 1658 2838 9
1762 2785 2067 2826 antichristum

223 2857 276 2897 H
365 2855 489 2897 Iudei
519 2869 601 2897 om.
635 2857 715 2897 ΙΚ
803 2858 849 2898 11
886 2856 1114 2898 afferturus
1153 2856 1333 2908 TFHS,
1367 2860 1611 2901 asserturus
1642 2856 1731 2908 JK,
1765 2857 1994 2897 habiturus
2024 2871 2065 2910 9,

222 2927 433 2968 allaturus
465 2932 540 2968 cet.
687 2928 824 2968 uitam
856 2927 989 2969 etiam
1020 2927 1103 2968 IK
1242 2929 1291 2968 12
1323 2928 1605 2969 instituturus
1639 2928 1761 2981 M95B
1938 2928 2064 2968 insti-

220 2998 361 3051 turus]
396 2997 499 3038 add.
526 3000 592 3039 est
617 2998 651 3037 S
737 2999 803 3052 ut]
836 2998 949 3052 quod
981 2998 1187 3051 FHMSB,
1222 3011 1305 3051 quo
1331 2999 1412 3039 JK
1470 3000 1520 3040 13
1553 3000 1666 3039 enim
1700 3012 1778 3040 om.
1819 2998 2070 3040 'J'FIKMS

224 3070 275 3109 15
307 3082 572 3122 cognoscens
603 3069 660 3120 F,
694 3072 903 3123 agnoscet
933 3070 988 3110 H·
1120 3072 1269 3124 potest
1299 3070 1380 3110 IK
1496 3071 1546 3111 16
1578 3070 1797 3111 uindictor
1834 3070 1881 3122 T,
1914 3070 2062 3110 uendi-

223 3143 343 3181 cator
379 3139 462 3192 CB,
494 3140 713 3181 iudicator
739 3155 777 3194 9,
810 3141 1058 3183 uindicator
1089 3147 1165 3183 cet.
1288 3143 1337 3183 17
1371 3142 1471 3196 non]
1506 3145 1676 3182 nostros
1708 3142 1761 3182 H
1887 3155 2062 3183 reuoca-

221 3213 343 3252 turus
377 3214 443 3251 est
478 3210 592 3264 0139,
624 3211 850 3252 reuocabit
879 3212 962 3253 IK
1046 3211 1291 3265 colendam]
1324 3212 1643 3265 suscipiendam
1676 3216 1720 3253 et
1750 3212 1786 3252 S
1853 3212 1903 3253 18
1936 3211 2063 3252 sedu-

222 3282 331 3335 cere]
365 3281 466 3322 add.
492 3295 586 3323 cuni
612 3282 665 3322 H
779 3283 966 3337 demum]
1002 3284 1114 3325 enim
1139 3283 1174 3324 S
1289 3283 1417 3324 fidem
1451 3282 1612 3324 addidi
1643 3285 1714 3336 (cf.
1740 3283 1815 3336 F),
1849 3286 1892 3324 et
1915 3283 2061 3334 IKM,

230 3365 311 3393 om.
345 3357 419 3394 cet.
537 3351 621 3393 sibi
651 3352 784 3394 faciat
814 3352 944 3395 fidem
974 3353 1022 3394 F
1136 3353 1220 3394 sibi
1254 3366 1334 3395 om.
1366 3354 1409 3394 B
