2470 3718
339 137 406 186 58
946 134 1138 176 Editio
1173 134 1450 177 Victorini
1483 133 1546 176 IV
1580 135 1618 177 7.

79 290 107 341 7
173 299 213 351 4,
252 298 303 340 10
409 295 475 345 Et
541 311 659 346 cum
722 296 849 346 haec
928 295 1178 363 <fie1·ent>,
1263 296 1571 347 cecidisse
1648 295 1828 362 <dicit>
1901 296 2238 349 uniuersos

171 386 212 439 4,
276 387 301 428 9
335 383 599 434 maiores
641 386 789 435 natu
839 386 897 434 et
945 383 1238 436 adorasse
1282 384 1612 435 dominum.
1674 399 1807 435 cum
1859 384 2077 435 darent
2117 386 2235 436 ani-

335 470 520 521 malia
560 471 819 538 gloriam
864 474 920 522 et
967 472 1286 523 honorem:
1327 471 1382 522 id
1423 474 1503 522 est
1545 486 1664 523 cum
1705 471 2057 539 euangelium,
2100 473 2235 524 actio

336 558 542 610 scilicet
589 559 786 610 domini
845 564 896 611 et
945 560 1196 623 doctrina,
1248 560 1592 625 adimplesset
1638 562 1756 611 ante
1803 576 1894 627 per
1931 560 2053 611 illos
2094 577 2237 627 prae-

332 647 633 698 nuntiatum
665 648 904 710 uerbum,
942 648 1095 715 digne
1127 648 1421 713 meritoque
1457 648 1759 699 exultabant
1792 649 2016 700 seientes
2051 664 2104 700 se
2138 649 2235 700 rite
2291 662 2315 696 5

331 736 551 786 uerbum
589 736 784 787 domini
817 736 1160 789 ministrasse.
1204 737 1427 803 denique
1464 736 1585 803 quia
1616 739 1847 797 uenerat,
1891 737 1978 802 qui
2013 740 2235 789 mortem

332 823 631 875 deuinceret
669 825 773 892 <et>
815 841 1056 876 coronam
1105 825 1501 876 inmortalitatis
1551 825 1696 876 solus
1747 825 1937 893 dignus
1986 830 2234 888 sumeret,

330 928 510 963 omnes
554 915 814 980 quotquot
846 913 1109 965 habebant
1139 930 1231 979 pro
1265 914 1431 981 gloria
1464 916 1612 965 actus
1650 914 1731 965 3111
1774 913 1959 980 optimi
1999 929 2233 976 coronas,

127 1006 168 1058 4,
206 1007 301 1048 100
332 1000 740 1065 proiecerunt
788 1017 886 1052 eas
938 1001 1045 1052 sub
1088 1001 1360 1068 pedibus
1419 1002 1576 1053 eius:
1633 1001 1686 1052 id
1737 1004 1818 1053 est
1857 1005 2068 1068 propter
2108 1002 2234 1052 emi-

325 1090 534 1139 nentem
590 1089 869 1140 uictoriam
912 1088 1108 1141 Christi
1166 1105 1343 1141 omnes
1391 1089 1643 1141 uictorias
1694 1090 1791 1140 sub
1831 1090 2055 1155 pedibus
2099 1089 2230 1142 eius,
2265 1104 2312 1138 10

324 1177 423 1227 hoc
467 1180 518 1228 et
557 1178 607 1228 in
650 1178 925 1245 euangelio
978 1179 1249 1245 suppleuit
1283 1178 1526 1230 Christus
1563 1178 1779 1230 dicendo
1825 1209 1889 1214 —
1934 1194 2051 1229 cum
2094 1178 2229 1229 enim

323 1280 578 1331 passurus
624 1266 915 1317 nouissime
955 1266 1160 1317 ueniret
1199 1266 1583 1333 Hierosolymis
1627 1266 1869 1318 dominus
1911 1268 2089 1317 noster
2126 1266 2231 1333 <et>

325 1353 519 1404 exisset
550 1353 630 1404 illi
662 1354 891 1420 populus
926 1353 977 1404 in
1015 1354 1241 1417 obuiam,
1279 1354 1365 1405 alii
1402 1352 1513 1424 [fol.
1543 1352 1610 1424 9¹]
1647 1354 1895 1421 praecisis
1929 1354 2087 1405 ramis
2122 1355 2229 1420 pal-

322 1458 525 1492 marum
559 1443 700 1493 uiam
738 1443 1052 1503 sternebant,
1089 1443 1177 1493 alii
1211 1443 1417 1494 tunicas
1460 1458 1582 1494 suas
1626 1442 1956 1494 subiciebant
1980 1474 2069 1507 —,
2096 1443 2226 1494 duos

324 1529 527 1582 scilicet
588 1530 810 1597 populos
877 1531 1175 1592 ostendens,
1241 1548 1403 1582 unum
1469 1534 1674 1596 patrum
1732 1534 1783 1581 et
1834 1531 2223 1596 prophetarum,
2258 1545 2305 1580 15

321 1634 631 1684 magnorum
688 1619 938 1682 uirorum,
997 1619 1085 1684 qui
1142 1635 1501 1684 quascumque
1563 1619 1823 1670 habebant
1884 1619 2224 1671 uictoriarum

322 1722 533 1757 suarum
580 1707 781 1773 palmas
825 1711 1002 1758 antra
1040 1710 1271 1774 peccata,
1324 1707 1530 1760 Christo
1574 1723 1659 1759 eas
1710 1708 1805 1759 sub
1846 1708 2069 1774 pedibus
2112 1708 2224 1760 eius

469 1879 520 1921 11
558 1878 612 1922 cf.
644 1879 741 1922 Ioh.
776 1881 845 1935 12,
882 1880 935 1922 13
1032 1880 1084 1922 13
1120 1879 1176 1922 of.
1208 1880 1371 1922 Matth.
1405 1881 1475 1936 21,
1508 1880 1534 1923 8

379 1983 399 2024 1
436 1982 595 2025 fierent
627 1997 711 2027 om.
744 1982 789 2024 A
921 1982 1032 2026 dicit
1065 1997 1150 2026 om.
1181 1983 1226 2025 A
1332 1983 1358 2026 3
1393 1984 1678 2039 euangelium
1710 1984 1887 2039 scripsi,
1922 1985 2146 2040 euangelii
2179 1984 2222 2026 A

316 2057 344 2098 4
378 2055 626 2099 doctrinam
657 2057 701 2099 A
890 2057 1184 2113 adimplesset
1215 2058 1388 2113 scripsi,
1423 2056 1672 2114 adimplens
1706 2061 1753 2101 et
1782 2059 1828 2100 A
1978 2060 2003 2102 6
2037 2059 2223 2101 uerbum

318 2130 488 2171 domini
521 2131 708 2173 uerbum
734 2131 777 2173 A
855 2132 879 2174 7
916 2135 961 2174 et
986 2146 1069 2175 oni.
1093 2132 1137 2173 A
1213 2131 1239 2173 8
1267 2132 1444 2187 optimi]
1481 2132 1743 2175 obtulerunt
1768 2133 1813 2174 A
1891 2133 1945 2176 10
1972 2131 2151 2176 Christo
2179 2133 2223 2175 A

319 2204 369 2245 11
409 2202 615 2246 Christus
641 2205 698 2259 A,
733 2205 917 2260 spiritus
952 2208 1133 2248 sanctus
1165 2205 1334 2260 reliqui
1364 2210 1494 2249 testes
1675 2207 1729 2248 12
1761 2207 1955 2262 ueniret]
1991 2207 2143 2249 uenire
2178 2209 2224 2249 et

317 2278 358 2319 A
483 2279 528 2319 et
560 2291 644 2319 cni.
677 2279 721 2320 A
831 2280 884 2322 13
917 2279 963 2321 in
996 2279 1174 2321 obuiam
1205 2280 1263 2334 A,
1298 2280 1356 2334 cf.
1390 2279 1485 2322 cod.
1521 2279 1791 2335 Cantabriy.
1823 2280 1927 2323 Ich.
1958 2282 2032 2335 12,
2064 2283 2145 2322 13.·
2175 2281 2222 2322 111

318 2350 497 2392 obuiam
532 2352 626 2393 eius
660 2372 714 2388 z
750 2352 809 2403 εἰς
844 2352 1075 2410 ὑπάντησιν
1111 2353 1240 2396 αὐτοῦ
1307 2355 1359 2395 15
1386 2353 1538 2409 unum]
1567 2358 1726 2408 patres
1759 2358 1800 2396 et
1822 2355 2074 2409 prophetae
2103 2368 2226 2397 unus

316 2425 427 2468 ordo
459 2430 566 2468 sunt
598 2439 764 2481 eorum,
799 2426 878 2481 qni
902 2427 1126 2481 praecisis
1156 2427 1299 2469 ramis
1329 2428 1599 2482 palmarum
1630 2428 1759 2470 uiam
1796 2428 2071 2482 sternebant,
2109 2428 2227 2471 alter

317 2498 428 2542 ordo
460 2512 556 2541 non
588 2501 870 2555 explicatur:
905 2514 932 2542 a
955 2514 1062 2543 nero
1094 2514 1230 2544 sensu
1264 2501 1500 2544 aberrauit
1531 2502 1726 2544 recensio
1752 2501 2026 2558 Hieronymi
