2470 3718
844 224 1438 280 ProlcgomenaIS.
1917 209 2062 258 XVII

288 393 338 449 4)
377 387 739 438 Victorini
793 384 1343 436 commentarius
1398 383 1461 431 in
1513 383 1802 432 Esaiam.

286 491 492 540 Praeter
528 489 697 539 locum
737 487 839 536 iam
880 501 1032 550 supra
1070 501 1114 548 p.
1141 484 1186 533 X
1216 483 1482 533 laudatum
1520 482 1621 532 huc
1655 485 1852 548 spectat
1882 483 2061 532 Esaiae

215 593 319 640 cap.
341 577 386 638 6,
411 577 440 624 2
469 573 730 638 expositio,
760 572 904 621 cuius
935 572 1275 634 Hieronymus
1293 569 1342 618 in
1363 568 1511 632 epist.
1540 569 1604 618 18
1623 568 1682 628 A,
1704 569 1734 617 6
1753 568 2061 618 mentionem

213 662 357 712 facit-2
416 664 542 714 Sex
597 664 753 713 alae
806 663 925 710 uni
982 665 1040 709 et
1093 676 1206 708 searr
1260 659 1415 708 alae
1468 658 1705 707 alteri.
1770 658 2063 707 Victorinus

214 757 380 801 noster
434 750 694 799 duodecim
747 748 995 813 apostolos
1047 747 1413 810 interpretatus
1465 749 1538 793 est
1588 738 1776 806 (CSEL
1831 740 1912 802 54,
1960 740 2062 804 82).

214 836 470 898 praeterea
515 830 651 880 haud
698 829 880 878 inutile
928 828 1133 877 uidetur
1179 826 1358 875 Esaiae
1403 826 1544 875 locos
1584 826 1633 874 in
1680 825 1846 875 indice
1885 842 1932 890 p.
1962 827 2061 875 156

213 920 533 968 enumeratos
566 931 682 965 cum
721 914 1017 978 Hieronymi
1051 912 1408 962 commentario
1442 911 1491 960 in
1524 910 1725 961 Esaiam
1760 926 2064 974 comparare,

214 1021 363 1069 quem
411 1019 508 1053 non
558 1001 715 1051 semel
761 999 1007 1049 Victorini
1058 998 1459 1062 explanationem
1511 997 1793 1061 respexisse
1838 1000 2063 1062 apparet.

210 1090 506 1140 testimonio
541 1090 709 1137 autem
744 1101 854 1136 esse
893 1086 1111 1149 possunt
1144 1084 1193 1132 hi
1227 1083 1325 1132 duo
1357 1082 1481 1132 loci:
1518 1083 1566 1148 a)
1602 1098 1641 1132 c.
1668 1084 1715 1142 4,
1755 1084 1803 1133 1:
1836 1084 2063 1153 (Septem

213 1176 472 1236 ‘invelieres)
500 1177 1081 1242 adprehenderunt
1120 1173 1442 1222 hominem
1481 1190 1689 1223 unum.
1730 1190 1864 1223 unus
1895 1178 2063 1223 aretem

212 1266 354 1315 homo
375 1265 608 1314 (L'liristas
633 1267 703 1311 est
730 1258 802 1323 (sp.
822 1257 905 1316 28,
931 1259 1016 1314 153
1053 1258 1136 1315 30,
1162 1255 1210 1321 1)
1231 1259 1690 1325 :adprehendent
1714 1259 1898 1322 Iesum,
1920 1276 2064 1325 quem

211 1353 369 1400 ‘multo
401 1355 618 1414 tempore
651 1348 1083 1409 desiderauercmt,
1119 1347 1241 1412 (jeria
1275 1347 1476 1395 nullum
1507 1347 1669 1395 alium
1686 1350 1963 1411 potuerant
1986 1348 2063 1395 in-

210 1439 400 1499 uenire,
460 1437 511 1484 in
568 1451 661 1501 quo
717 1437 921 1483 aeterna
977 1432 1191 1481 statione
1244 1432 1607 1496 requiescerent
1655 1427 1842 1492 <XXIV
1880 1428 1944 1477 73
1980 1429 2062 1490 M).

213 1518 267 1584 b)
301 1534 338 1569 c.
366 1520 449 1577 60,
488 1519 532 1568 l.
563 1518 642 1565 10.
670 1518 760 1565 20:
804 1514 1052 1564 Victorini
1087 1514 1366 1563 sententiae
1394 1513 1488 1562 hoc
1520 1513 1821 1563 uaticinium
1854 1513 1915 1562 ad
1946 1513 2061 1563 ulti-

212 1621 350 1654 mum
377 1606 577 1666 tempus
618 1600 935 1650 referendum
969 1615 1080 1649 esse
1115 1599 1328 1648 dicentis
1355 1598 1421 1662 (p.
1451 1599 1566 1659 150,
1596 1600 1621 1648 1
1651 1599 1782 1665 sqq.)
1822 1599 2065 1664 Hierony-

212 1705 324 1739 mus
344 1688 640 1746 adsentitur,
670 1685 968 1735 contradicit
994 1688 1161 1734 autern
1187 1684 1590 1749 interpretationi
1610 1684 1925 1734 chiliasticae
1942 1686 2064 1734 haec

214 1790 486 1839 exponens:
526 1778 607 1827 Ea·
646 1777 732 1825 hoc
773 1776 993 1840 capitulo
1032 1776 1257 1840 coqqimur
1295 1776 1482 1837 omnia,
1524 1791 1651 1840 (suae
1689 1775 1826 1825 dicta
1864 1779 1983 1825 sunt
2020 1781 2065 1825 et

209 1864 438 1926 dicenda,
486 1864 553 1912 ad
599 1863 839 1911 ultimmn
892 1861 1088 1925 referre
1135 1865 1344 1926 tempus,
1394 1862 1595 1926 quando
1649 1862 1781 1911 caelo
1832 1865 2066 1928 terraque

212 1950 593 2000 transeuntibus
641 1949 761 1997 solis
806 1965 863 1996 ac
911 1948 1061 1996 lernae
1112 1947 1320 1996 cessabit
1372 1947 1620 2010 officium.
1676 1951 1735 1996 et
1777 1949 1915 1996 erit
1969 1948 2002 1997 d
2018 1965 2065 1997 o-

208 2037 344 2085 min
369 2052 440 2083 us
501 2037 650 2100 ipse
713 2035 938 2082 lumen
992 2037 1289 2098 perpetu
1312 2049 1424 2096 um,
1495 2037 1551 2082 ut
1618 2049 1744 2099 «luae
1813 2028 2063 2092 χιλιασταὶ

209 2123 489 2172 carnaliter
542 2121 787 2169 adserunt
840 2136 941 2168 esse
994 2119 1302 2184 complenda,
1357 2135 1447 2168 nos
1499 2120 1844 2184 spiritualiter
1867 2119 2066 2183 futura

209 2225 313 2258 esse
353 2207 633 2269 credamus,
674 2207 729 2254 in
763 2206 1009 2271 «surditate
1042 2206 1461 2270 promissionum,
1496 2222 1593 2253 non
1627 2207 1680 2254 in
1714 2210 1930 2270 tempore
1962 2206 2066 2255 dis-

210 2299 470 2359 crepantes
511 2271 700 2354 (XXIV
743 2288 841 2337 597
877 2287 967 2352 M)-
1010 2302 1135 2350 qnos
1179 2290 1348 2336 autem
1390 2287 1554 2337 ordini
1594 2288 1943 2337 chiliastarum
1983 2289 2066 2337 uel

212 2376 567 2426 milliariorum
608 2374 1034 2432 adnumerauerit‚
1074 2374 1123 2422 in
1162 2373 1371 2438 prologo
1410 2372 1528 2423 libri
1564 2373 1736 2423 XVIII
1773 2374 1822 2423 in
1863 2374 2065 2424 Esaiam

210 2461 691 2513 commentariorum
731 2460 810 2509 his
849 2460 1021 2509 uerbis
1062 2460 1299 2524 explicat:
1340 2463 1440 2513 Nec
1471 2465 1662 2529 ianam,
1703 2468 1895 2530 quanta
1933 2465 2067 2514 inter

212 2552 436 2601 homines
475 2551 844 2599 sententiarum
883 2549 1161 2598 diuersitas
1200 2550 1304 2598 sit.
1334 2588 1343 2598 .
1374 2587 1383 2596 .
1426 2549 1484 2598 de
1522 2551 1887 2599 resurrectione
1925 2554 1971 2599 et
2008 2550 2067 2599 de

209 2639 508 2687 (waimarum
547 2640 592 2685 et
630 2635 883 2684 humanae
922 2636 1095 2684 carnis
1138 2639 1291 2698 statu,
1344 2635 1403 2684 de
1447 2636 1926 2700 repromissionibus
1968 2637 2066 2700 fu-

213 2727 459 2785 turorum,
509 2721 750 2787 quomodo
798 2721 1005 2770 debeant
1043 2722 1222 2786 accipi,
1269 2725 1315 2770 et
1357 2737 1456 2786 qua
1498 2723 1696 2770 ratione
1733 2722 2066 2788 intelleyenda

211 2809 280 2857 sit
324 2807 646 2872 apocalypsis
690 2805 952 2869 Iohannis,
1010 2822 1164 2872 quam
1211 2807 1255 2856 si
1300 2807 1446 2856 iuoeta
1501 2808 1725 2856 litteram
1770 2809 2063 2872 accipimus,

210 2893 585 2943 iudaieandum
622 2896 720 2954 est;
780 2893 826 2940 si
865 2893 1224 2957 spiritualiter,
1273 2896 1329 2941 ut
1374 2894 1568 2958 scripta
1613 2897 1699 2956 est,
1748 2893 2063 2957 disserimus,

212 2980 491 3028 multorum
525 2981 748 3027 ueterum
779 2978 1070 3027 uidebimur
1100 2978 1424 3043 opinionibus
1454 2980 1732 3028 contraire:
1754 2979 2066 3029 Latinorum

214 3064 542 3126 Tertulliani,
591 3063 859 3126 Victorini,
901 3063 1193 3113 Lactantii:
1237 3062 1561 3128 Graecorum,
1602 3068 1659 3113 ut
1696 3068 1879 3115 ceteros
1915 3082 2067 3130 prae-

212 3150 509 3207 termittam,
541 3149 744 3199 Irenaei
777 3152 991 3213 tantum,
1032 3148 1395 3215 Luydunensis
1433 3151 1666 3215 episcopi,
1690 3150 1901 3214 faciam
1931 3167 2067 3200 men-

212 3237 397 3284 tionem
437 3230 626 3290 (XXIV
667 3231 766 3280 627
810 3229 902 3297 M).
950 3245 1076 3294 quae
1117 3246 1233 3280 cum
1272 3231 1344 3280 ita
1383 3231 1498 3293 sint,
1545 3233 1779 3282 omnibus
1818 3232 1881 3283 iis
1920 3233 2065 3294 lociS,

213 3315 400 3380 quibus
426 3315 768 3381 Hieronymus
794 3316 844 3365 in
871 3316 1226 3367 milliariorum
1251 3317 1511 3381 opiniones
1536 3317 1832 3382 inquirit—
1851 3318 2067 3383 exempli

212 3416 367 3451 causa
433 3400 636 3450 nomino
705 3401 844 3452 locos
915 3401 974 3451 (le
1034 3401 1347 3452 Antichristo
1417 3402 1477 3452 de
1536 3402 1760 3468 Assyriis
1828 3403 2066 3454 ueniente

299 3498 502 3529 XXXXIX.
528 3498 752 3531 Victorinus
776 3500 856 3531 Pet.
1923 3501 1950 3541 b
