2470 3718
340 193 483 244 XLII
908 208 1377 263 Prolegomena
1419 211 1679 253 IlIBIa.

339 387 368 421 a
401 371 548 439 signo
584 371 754 422 crucis
788 370 855 440 (p.
886 374 1006 434 145,
1045 374 1133 438 10)
1169 391 1338 440 usque
1372 375 1434 426 ad
1469 375 1621 426 finem
1663 381 1729 442 (p.
1757 378 1877 440 153,
1911 375 1965 446 3)
2003 377 2064 429 de
2098 379 2241 430 mille

339 474 590 509 annorum
631 475 788 510 sensu
829 459 1046 521 addidit,
1089 462 1294 513 nullum
1336 462 1594 514 Victorini
1632 464 1900 516 inuenitur
1938 467 2242 534 uestigium.

412 548 688 598 Praeterea
727 549 1077 616 Hieronymus
1120 550 1236 601 aliis
1278 551 1410 602 locis
1452 552 1699 603 nonnulla
1747 553 1926 605 omisit
1964 570 2131 620 neque
2171 555 2241 605 in-

337 635 550 698 dicauit,
609 652 711 702 qua
758 637 819 687 de
869 652 1027 688 causa
1073 637 1201 690 istas
1259 639 1596 705 expositionis
1651 645 1825 707 partes
1876 642 2114 693 auferret.
2168 643 2243 693 ita

335 740 382 789 p.
413 725 495 784 18,
548 726 613 776 19
657 725 969 777 sententiam
1017 728 1392 791 praetermisit:
1427 738 1596 800 potest
1633 735 1745 785 iam
1784 736 1936 802 qnasi
1961 736 2121 800 filias
2159 736 2240 786 dei

335 817 456 882 dici,
475 835 578 869 non
596 820 918 886 qaasz'filins
942 819 1184 885 hominis,
1209 817 1338 867 item
1364 833 1414 882 p.
1436 818 1521 875 24,
1550 819 1729 869 8-10
1754 818 2240 884 recapitulationem

336 903 494 952 etiarn
535 919 563 952 a
602 903 1135 969 Pseudo-Augustino
1176 905 1263 972 (cf.
1297 921 1344 970 p.
1370 906 1588 975 XXXV)
1631 909 1914 958 seruatam:
1962 911 2084 963 haee
2123 929 2241 981 erqo

334 999 455 1044 sant
480 994 580 1045 dno
607 999 927 1059 testamenta,
955 1014 1085 1064 qaae
1101 1015 1203 1064 pro
1228 1002 1383 1065 capta
1409 1001 1654 1066 temporis
1678 1005 1771 1051 aut
1795 1000 1896 1051 dno
1914 1000 2124 1051 denarii
2148 1007 2242 1052 aut

332 1101 470 1141 noua
510 1088 557 1134 et
595 1089 771 1135 uetera
811 1089 906 1135 aut
933 1085 1148 1153 qladius
1180 1086 1256 1136 bis
1288 1091 1473 1137 acutas
1513 1089 1835 1153 nominatur,
1876 1085 2003 1135 item
2036 1101 2086 1149 p.
2117 1086 2237 1146 130,

336 1169 551 1219 14-16
593 1168 1028 1221 enuntiationem:
1064 1174 1152 1224 sed
1185 1175 1325 1242 quia,
1352 1180 1411 1225 at
1427 1175 1676 1242 amianas,
1700 1173 1985 1244 ‘composito
2003 1176 2235 1228 consilio³

330 1262 483 1312 daces
505 1262 656 1312 illias
679 1263 944 1312 ciuitatem
961 1262 1095 1313 hanc
1111 1280 1362 1331 ‘maternam
1386 1264 1706 1332 Babylonem
1723 1269 1845 1316 sunt
1868 1269 2236 1334 eoepaynaturi,

327 1353 547 1401 *ruinam
599 1351 749 1402 illias
795 1356 869 1402 est
922 1355 1154 1403 testatas.
1212 1349 1491 1414 aliquoties
1539 1350 1862 1401 adiectiuum
1902 1350 2238 1403 substantiuo

329 1435 571 1486 attributi
596 1435 712 1486 loco
732 1435 1030 1501 appositum
1058 1436 1281 1487 abstulit
1300 1439 1351 1487 et
1368 1438 1579 1503 scripsit
1596 1442 1942 1493 sacerdotium
1969 1436 2039 1506 (p.
2058 1440 2145 1499 23,
2182 1438 2235 1504 3)

327 1540 420 1589 pro
451 1532 720 1579 aeternnm
760 1529 1107 1579 sacerdotium
1147 1522 1219 1593 (p.
1249 1526 1334 1591 22,
1377 1524 1449 1595 2),
1490 1530 1616 1581 deas
1654 1529 1721 1592 (p.
1749 1529 1834 1589 51,
1878 1529 1927 1593 2)
1980 1543 2071 1592 pro
2112 1531 2238 1582 deus

328 1619 651 1684 omnipotens
690 1611 763 1681 (p.
791 1614 878 1674 50,
926 1615 994 1679 1),
1024 1620 1205 1685 patris
1244 1613 1316 1683 (p.
1345 1615 1431 1676 89,
1477 1616 1542 1666 19
1587 1617 1638 1667 et
1678 1617 1763 1678 97,
1810 1614 1900 1683 10)
1940 1632 2031 1681 pro
2061 1623 2237 1687 patris

327 1707 695 1773 omnipotentis
748 1700 934 1770 (psa,
987 1703 1054 1752 14
1104 1708 1155 1753 et
1203 1704 1289 1765 96,
1349 1702 1456 1771 11),
1512 1720 1827 1770 quamquam
1884 1704 2009 1755 alibi
2050 1720 2235 1756 uocem

326 1796 650 1861 omnipotens
704 1790 919 1841 retinuit
966 1788 1056 1859 (cf.
1095 1807 1143 1856 p.
1180 1792 1265 1854 91,
1308 1794 1338 1842 2
1381 1798 1749 1863 omnipotentis
1794 1797 1892 1861 dei,
1950 1809 1996 1858 p.
2039 1793 2122 1857 53,
2167 1794 2230 1845 11

320 1885 499 1950 patris
545 1885 928 1951 omnipotentis,
978 1895 1026 1944 p.
1056 1880 1142 1939 97,
1186 1881 1215 1929 5
1258 1888 1469 1952 patrem
1515 1886 1750 1951 confiteri
1794 1887 2232 1953 omnipotentem).

322 1969 455 2018 aliae
496 1968 917 2019 abbreuiationes
967 1972 1248 2020 occurrunt
1288 1985 1336 2034 p.
1367 1970 1452 2030 97,
1497 1969 1582 2031 17,
1638 1970 1728 2021 ubi
1778 1969 1912 2021 duae
1953 1970 2231 2022 uerborum

326 2057 766 2109 conformationes
807 2057 856 2108 in
897 2073 1054 2108 unam
1095 2058 1414 2109 reducuntur
1448 2056 1504 2126 (a
1533 2063 1773 2130 ‘arentibus
1803 2075 1893 2124 pro
1927 2067 2020 2114 aar}
2052 2082 2083 2114 a
2112 2080 2232 2132 yen-

324 2150 460 2201 tibas
494 2156 727 2202 autenm
756 2151 996 2219 qentibus
1035 2163 1082 2212 p.
1113 2148 1197 2210 96,
1242 2146 1331 2216 17)
1373 2150 1425 2199 et
1463 2165 1512 2213 p.
1546 2149 1664 2211 133,
1707 2150 1756 2210 4,
1800 2148 1889 2200 ubi
1923 2149 2233 2214 simpliciter

324 2241 585 2306 nequitiae
610 2235 803 2287 dicitur
826 2252 917 2301 pro
945 2257 1119 2291 omnes
1141 2241 1281 2291 enim
1305 2242 1580 2308 passiones
1611 2246 1911 2292 sanctorum
1942 2254 1992 2303 p.
2022 2238 2144 2300 132,
2180 2239 2229 2291 3.

323 2326 384 2373 ut
408 2324 506 2374 hoc
531 2325 645 2375 loco
672 2329 812 2379 enim
838 2324 1115 2388 omittitur,
1139 2324 1215 2375 ita
1238 2341 1288 2390 p.
1317 2326 1400 2388 27,
1429 2326 1495 2376 12
1521 2331 1704 2398 mitur,
1730 2342 1776 2391 p.
1797 2327 1882 2387 27,
1914 2327 1978 2376 18
2007 2329 2057 2378 et
2083 2327 2169 2388 31,
2198 2329 2229 2376 4

321 2421 511 2481 antem,
547 2429 593 2478 p.
622 2413 709 2474 37,
740 2414 804 2464 19
840 2417 929 2468 sie.
974 2413 1065 2465 sed
1097 2414 1229 2465 tales
1263 2414 1516 2464 minutias
1551 2429 1850 2465 enumerare
1891 2415 2230 2480 superfluum

322 2501 549 2552 uidetur.

397 2649 446 2717 ε’)
485 2649 974 2716 Hieronymus
1018 2650 1421 2715 complures
1464 2650 1936 2716 expositionis
1977 2652 2225 2715 partes

322 2737 612 2791 addidit
651 2738 1083 2804 praesertim
1127 2755 1199 2790 ex
1240 2739 1530 2791 Ticonii
1579 2740 2018 2791 Donatistae
2060 2755 2226 2791 com-

320 2827 674 2879 mentario
718 2828 1191 2894 depromptas.

393 2946 734 2998 Praemittere
765 2946 898 2997 libet
936 2962 1024 2998 eos
1064 2946 1225 3008 locos,
1268 2947 1458 3013 quibus
1499 2947 1853 3014 Hieronymus
1894 2962 1989 2998 suo
2028 2946 2223 2998 iudicio

318 3034 575 3086 Victorini
615 3035 994 3100 expositionem
1035 3034 1352 3100 amplificare
1394 3035 1614 3087 studuit.
1664 3034 1949 3087 Christiani
1990 3035 2224 3087 officium

316 3122 619 3174 Victorinus
682 3123 762 3174 his
825 3123 1001 3175 uerbis
1073 3123 1579 3190 circumscripserat:
1650 3129 1724 3179 sic
1793 3145 1881 3179 nee
1950 3130 2082 3179 satis
2149 3133 2224 3178 est

321 3215 688 3267 Christianum
719 3216 826 3267 diez·
857 3220 905 3266 et
936 3233 987 3267 se
1017 3217 1194 3284 ipsam
1233 3217 1470 3282 confiteri
1508 3221 1556 3267 et
1590 3215 1886 3267 Christiani
1925 3233 2081 3284 opera
2121 3233 2223 3267 non

315 3305 500 3355 habere
539 3298 611 3368 (p.
637 3302 723 3362 40,
766 3298 995 3368 9-10);
1039 3301 1392 3367 Hieronymus
1426 3304 1598 3352 autem
1635 3301 1826 3353 maluit
1865 3302 2115 3352 scribere:
2150 3307 2223 3355 sic

318 3410 405 3443 nec
437 3394 569 3444 satis
600 3397 674 3444 est
702 3393 1068 3445 Christianum
1099 3394 1206 3444 dici
1238 3398 1284 3444 et
1315 3395 1492 3461 ipsum
1523 3394 1757 3459 confiteri
1788 3397 1836 3444 et
1863 3392 2131 3444 Chri-stam
2161 3394 2223 3442 in

315 3498 463 3548 opere
480 3498 582 3532 non
606 3481 805 3546 habere,
833 3483 892 3533 z‘d
914 3486 989 3534 est
1013 3484 1125 3533 eius
1143 3486 1425 3550 praecepta
1442 3481 1743 3548 nonfacere
1761 3475 1833 3545 (p.
1854 3478 1940 3539 41,
1963 3476 2219 3543 10—11).
