2470 3718
328 153 432 203 144
931 150 1122 193 Editio
1156 150 1435 194 Victorini
1466 150 1546 192 XX
1578 151 1620 194 2.

325 311 628 363 inmortales
670 311 735 362 ad
781 327 974 378 poenas
1018 312 1353 364 sustinendas
1397 313 1691 381 surgituros
1735 305 1879 378 dixit,
1923 331 2016 367 nos
2060 318 2234 366 autem

327 399 519 450 mutari
561 401 612 450 et
651 399 816 467 gloria
866 400 1072 467 contegi
1121 400 1460 452 manifestum
1504 403 1597 452 est.
1638 402 1727 453 ubi
1770 418 1884 454 esse
1927 419 2048 472 ergo
2093 403 2235 455 audi-

326 487 502 538 uimus
545 487 911 539 ‘nouissimam
959 488 1178 551 tubam’‚
1227 489 1539 556 intellegere
1589 490 1838 542 debemus
1889 493 1940 542 et
1986 493 2232 557 primam3

326 575 454 626 haec
494 577 667 627 autem
713 578 837 627 sunt
877 576 1008 628 duae
1048 577 1473 629 resurrectiones
1509 581 1768 645 quotquot
1810 595 1930 647 ergo
1972 596 2071 631 non
2106 581 2234 632 anti-

330 663 618 729 cipauerint
651 680 865 731 surgere
897 664 948 715 in
988 665 1156 731 prima
1187 666 1569 718 resurrectione
1604 670 1654 718 et
1686 682 1901 734 regnare
1937 683 2054 720 cum
2091 667 2234 720 Chri·
2289 686 2307 715 5

330 753 410 802 sto
462 767 619 817 super
667 752 846 803 orbem
896 783 964 789 —
1015 769 1171 820 super
1226 755 1408 821 gentes
1464 754 1741 807 uniuersas
1783 786 1870 818 -—‚
1915 759 2132 823 surgent
2183 758 2234 807 in

326 840 614 891 nouissima
652 840 782 892 tuba
820 844 942 906 post
976 857 1134 893 annos
1168 842 1330 905 mille,
1366 843 1418 893 id
1453 846 1533 894 est
1564 842 1614 894 iu
1649 843 1939 895 nouissima
1977 860 2235 896 resurrec—

326 928 482 991 tione,
524 928 658 979 inter
695 928 887 996 impios
931 933 983 981 et
1014 933 1314 996 peccatores
1357 934 1408 982 et
1440 931 1573 982 uarii
1608 932 1810 999 generis
1846 933 2235 985 commissoreS.

181 1015 511 1075 20‚6merito
560 1015 752 1067 adiecit
800 1017 1041 1068 dicendo:
1098 1018 1340 1069 beatus
1398 1021 1460 1069 et
1514 1022 1816 1083 sanctus,
1875 1021 1985 1086 qui
2034 1021 2237 1073 habet

328 1103 694 1168 partemin
744 1104 955 1169 prima
1004 1109 1342 1158 anastase:
1385 1107 1460 1157 ad
1506 1107 1677 1159 hunc
1719 1124 1892 1160 mors
1936 1110 2229 1161 secunda

328 1207 450 1242 non
506 1192 708 1243 habet
757 1189 864 1261 [fol.
913 1191 1025 1262 ZOV]
1077 1196 1516 1259 potestatem.
1574 1212 1712 1248 mors
1771 1199 1947 1248 autem
2005 1198 2235 1249 secunda

330 1280 607 1348 castigatio
651 1284 730 1332 est
769 1282 821 1332 in
863 1282 1138 1334 infernum.

479 1452 504 1494 5
539 1452 592 1495 cf.
626 1452 766 1508 Apoc.
801 1455 871 1509 20,
907 1456 931 1498 6

399 1554 419 1595 1
456 1555 706 1610 surgiturus
731 1557 776 1598 A
845 1558 870 1599 2
899 1571 995 1601 esse
1020 1560 1197 1614 scripsi,
1225 1562 1292 1602 est
1316 1561 1360 1603 A
1422 1560 1450 1602 4
1481 1560 1591 1603 haec
1617 1562 1660 1603 A
1685 1575 1776 1616 pro
1808 1561 1905 1616 hae,
1941 1563 1998 1617 cf.
2031 1561 2234 1617 Georyes,

336 1626 643 1682 Wortformen
660 1644 709 1684 p.
739 1633 838 1673 320
950 1632 1092 1674 uerba
1118 1635 1341 1687 quotquot
1359 1666 1368 1675 .
1391 1668 1399 1677 .
1424 1633 1502 1675 lm.
1527 1636 1554 1675 7
1573 1634 1616 1675 in
1642 1634 1890 1676 nouissima
1915 1635 2236 1676 resurrectione

330 1701 398 1743 bis
430 1707 612 1744 eoestani
643 1704 694 1745 in
728 1705 823 1747 cod.
856 1706 900 1747 A
1054 1707 1078 1748 9
1114 1696 1239 1748 adiH:
1272 1706 1316 1747 A
1448 1707 1501 1749 10
1534 1707 1691 1763 prima]
1730 1707 1859 1760 Quod
1890 1722 2006 1750 mors
2041 1708 2237 1750 secunda

329 1788 415 1816 non
448 1775 586 1818 habet
617 1780 892 1832 potestatem
926 1779 969 1822 A
1001 1779 1053 1822 in
1085 1793 1168 1834 my.
1329 1782 1553 1836 anastase]
1590 1783 1646 1835 cf.
1685 1780 2005 1823 Commodiani
2035 1782 2237 1824 Instruc-

331 1848 504 1892 tionum
538 1853 612 1894 lib.
652 1853 719 1894 II
756 1856 797 1907 3,
838 1856 863 1894 1
902 1852 1085 1907 (CSEL
1126 1854 1225 1896 XV
1266 1857 1342 1906 63)
1385 1858 1424 1896 et
1462 1868 1578 1909 quae
1617 1855 1847 1898 admotam·
1886 1855 1936 1897 in
1974 1855 2058 1897 Th.
2100 1855 2239 1897 Zahn

330 1928 669 1982 ‘Forschunyen
706 1940 788 1969 zur
825 1926 1085 1971 Geschichte
1125 1927 1200 1971 des
1238 1933 1425 1971 nemesi.
1457 1928 1670 1971 Kanons'
1704 1933 1873 1983 quarta
1904 1933 2042 1983 parte
2064 1943 2114 1983 p.
2148 1931 2238 1970 163

392 2002 446 2044 ad
478 2002 596 2043 hunc
628 2001 792 2056 scripsi
826 2003 901 2056 (cf.
927 2016 976 2057 p.
1010 2003 1118 2056 140,
1157 2004 1218 2055 4),
1253 2001 1398 2045 adhuc
1431 2004 1473 2044 A

2268 1123 2311 1156 10
