2470 3718
321 147 388 197 64
926 144 1115 186 Editio
1149 143 1425 185 Victorini
1460 143 1494 183 V
1530 144 1569 185 2.

321 308 532 369 accepta
556 305 674 354 lana
701 305 883 356 sucida
910 308 960 355 et
988 305 1238 372 sanguine
1266 304 1423 355 uituli
1458 306 1508 355 et
1542 319 1674 369 aqua
1709 305 1935 371 aspersit
1966 308 2223 372 populum

320 393 630 443 uniuersum
675 392 876 443 dicens:
934 393 1034 443 hic
1091 394 1186 443 est
1237 392 1492 459 sanguis
1543 393 1928 456 testamenti,
1986 393 2055 444 de
2106 411 2220 461 quo

321 481 639 531 mandauit
674 481 744 531 ad
777 496 887 531 uos
924 481 1224 532 dominus.
1260 480 1674 531 animaduertere
1710 483 1916 548 oportet
1940 482 2102 549 igitur
2133 483 2222 533 ho-

317 570 510 620 minem
538 569 841 636 diligentem
870 570 1310 636 praedicationem
1336 569 1636 620 uniuersam
1665 570 1715 619 in
1743 586 1904 620 unum
1932 571 2222 622 cohaerere.

319 674 435 708 nam
492 673 584 708 nec
635 657 834 708 sufficit
880 658 1050 725 legem
1102 658 1246 708 illam
1291 657 1408 720 dici,
1468 658 1710 723 quoniam
1754 660 1805 708 et
1844 661 2220 710 testamentum
2277 677 2299 709 5

318 744 630 794 nominatur.
688 745 833 794 nulla
888 746 967 795 lex
1022 747 1400 795 testamentum
1459 744 1650 795 dicitur
1704 761 1797 796 nec
1846 748 2221 796 testamentum

318 831 460 882 aliud
502 832 816 896 nominatur,
859 832 959 882 nisi
1018 832 1157 898 quod
1213 833 1412 883 faciunt
1458 833 1721 894 morituri3
1765 836 1816 883 et
1857 834 2223 900 quodcumque

317 919 631 970 intrinsecus
681 920 864 971 testati
914 924 1051 980 sunt,
1113 920 1318 988 signata
1370 923 1493 971 sunt
1532 936 1699 987 usque
1742 921 1804 971 ad
1854 921 1989 971 diem
2038 922 2222 973 mortis

317 1008 605 1060 testatoris.
671 1008 763 1059 sed
828 1009 949 1074 quia
1003 1011 1225 1059 mortem
1282 1008 1479 1059 deuicit
1536 1012 1587 1059 et
1639 1010 1914 1074 praeuenit
1968 1010 2222 1061 carnificis

322 1095 569 1158 officium,
613 1097 791 1162 quasi
842 1097 1089 1148 occisus
1133 1100 1214 1147 est
1256 1097 1446 1148 dictus,
1495 1097 1611 1148 ideo
1663 1099 1849 1149 merito
1899 1098 2052 1149 modo
2101 1098 2300 1150 resi-10

318 1186 506 1251 gnatur
550 1183 657 1253 [fol.
705 1186 808 1250 10¹]
851 1201 941 1249 per
992 1201 1184 1251 agnum
1225 1185 1476 1247 occisum,
1534 1186 1621 1252 qui
1671 1189 1939 1251 tamquam
1983 1187 2063 1237 leo
2107 1202 2223 1238 con-

316 1272 474 1339 fregit
515 1275 735 1323 mortem
780 1276 831 1323 et
873 1288 1004 1337 quae
1047 1272 1108 1324 de
1152 1289 1205 1323 se
1246 1273 1611 1339 praenuntiata
1644 1274 1850 1324 fuerant
1882 1274 2107 1340 repleuit
2146 1274 2225 1339 <et

318 1361 582 1412 hominem
610 1360 901 1427 liberauit>7
937 1361 989 1411 id
1026 1365 1105 1412 est
1140 1377 1346 1412 carnem
1382 1362 1443 1411 de
1477 1364 1660 1424 morte,
1697 1365 1747 1412 et
1782 1363 1984 1429 accepit
2017 1378 2223 1428 posses-

317 1449 516 1499 sionem
560 1449 886 1500 substantiae
928 1449 1218 1511 morientiS,
1252 1449 1305 1499 id
1340 1452 1422 1500 est
1454 1450 1807 1501 membrorum
1848 1450 2220 1510 humanorum3

315 1537 418 1603 <et>
461 1538 600 1588 sicut
639 1553 728 1603 per
768 1554 929 1588 unum
967 1553 1154 1604 corpus
1192 1554 1369 1589 omnes
1406 1538 1642 1588 homines
1678 1538 1853 1589 debito
1889 1538 2071 1589 mortis
2108 1554 2222 1589 suc·
2254 1560 2297 1592 15

317 1629 602 1687 cesserant,
661 1626 735 1676 sic
792 1642 882 1691 per
932 1643 1092 1676 unum
1142 1642 1329 1692 corpus
1373 1627 1610 1678 uniuersi
1652 1626 1920 1677 credentes
1964 1627 2013 1676 in
2054 1627 2221 1677 uitam

317 1717 575 1764 aeternam
626 1716 918 1780 resurgent.
968 1714 1122 1765 modo
1166 1729 1287 1780 ergo
1337 1714 1497 1764 facies
1545 1714 1720 1781 Moysi
1770 1705 2015 1780 operitur,
2064 1714 2220 1765 modo

316 1804 367 1851 et
405 1802 669 1851 reuelatur
707 1801 933 1867 ideoque
976 1801 1306 1868 apocalypsis
1347 1802 1600 1853 reuelatio
1644 1802 1851 1864 dicitur,
1893 1802 2048 1852 modo
2089 1802 2223 1853 liber

316 1889 426 1939 eius
452 1889 767 1956 resignatur,
795 1889 949 1940 modo
979 1889 1267 1940 hostiarum
1306 1890 1597 1941 oblationes
1632 1890 2027 1957 intelleguntur,
2064 1890 2218 1940 modo

314 1978 604 2029 sacerdotia
639 1980 689 2029 et
716 1977 910 2029 Christi
944 1978 1187 2029 mandata
1214 1982 1266 2030 et
1290 1979 1564 2029 fabricatio
1600 1979 1743 2029 aedis
1777 1979 1882 2045 <et>
1915 1978 2220 2030 testimonia
2251 2000 2296 2033 20

315 2068 488 2131 aperte
528 2066 867 2132 intellegitur.

462 2223 481 2264 1
521 2223 576 2266 cf.
610 2223 746 2266 Hebr.
781 2225 821 2276 9,
858 2225 910 2266 19
946 2224 1041 2279 (Ex,
1074 2225 1144 2279 24,
1178 2225 1221 2279 8)
1317 2226 1342 2266 2
1375 2225 1513 2266 Hebr.
1546 2226 1586 2278 9,
1621 2225 1676 2267 20
1781 2225 1805 2266 9
1841 2224 1892 2267 cf.
1929 2224 2022 2268 Ioh.
2060 2225 2129 2276 19,
2162 2224 2219 2267 33

315 2298 367 2339 13
401 2298 458 2351 cf.
485 2312 533 2351 p.
572 2300 647 2352 62,
686 2301 714 2338 4
808 2299 861 2340 15
896 2297 951 2339 cf.
984 2298 1005 2339 I
1040 2298 1137 2341 Cor.
1175 2299 1242 2351 15,
1277 2299 1329 2341 21
1418 2299 1471 2340 17
1507 2298 1559 2340 cf.
1594 2298 1668 2340 Ex.
1703 2299 1776 2352 34,
1810 2300 1880 2341 33.
1915 2299 1971 2340 34

383 2401 398 2441 1
435 2414 591 2455 aquam
625 2403 669 2443 A
795 2402 849 2443 10
881 2401 1001 2443 idem
1033 2403 1076 2442 A
1227 2402 1431 2457 resignat
1461 2403 1505 2443 A
1629 2402 1682 2444 12
1719 2404 1763 2444 et
1794 2402 1912 2443 hom.
1945 2401 2024 2444 lib.
2058 2414 2142 2443 om.
2176 2402 2219 2442 A

316 2475 367 2517 15
404 2481 448 2516 et
481 2489 564 2517 om.
597 2476 642 2517 A
768 2476 819 2518 16
855 2476 934 2530 sic]
972 2477 1029 2530 cf.
1054 2490 1105 2530 p.
1144 2478 1218 2530 54,
1252 2479 1301 2517 11
1418 2477 1469 2518 17
1505 2476 1705 2531 operitur
1735 2476 1909 2531 scripsi,
1944 2476 2143 2530 aperitur
2173 2475 2219 2516 A

313 2549 368 2591 20
403 2547 568 2591 Christi
610 2548 841 2604 mandata]
884 2549 942 2602 cf.
973 2563 1022 2604 p.
1063 2553 1138 2604 74,
1177 2553 1205 2592 7
1386 2551 1433 2592 et
1472 2550 1571 2605 alt]
1614 2551 1734 2592 hane
1772 2563 1926 2592 uocem
1965 2549 2219 2603 excipiebat

314 2620 554 2667 Christum.
590 2623 712 2676 quod
742 2624 929 2665 uerbum
955 2628 1119 2677 postea
1154 2624 1299 2666 litura
1324 2629 1387 2666 est
1410 2623 1643 2666 sublatum
1736 2624 1831 2665 edis
1857 2624 1901 2665 A
1994 2626 2038 2665 et
2063 2635 2147 2665 om.
2173 2622 2217 2663 A

370 2696 649 2751 testimonia]
692 2702 854 2750 septem
894 2697 1059 2751 siyillis
1098 2702 1263 2752 septem
1302 2698 1576 2751 respondent
1613 2697 2033 2751 interpretationes:
2078 2695 2216 2738 facies

313 2770 455 2823 Moysi
489 2773 558 2823 (p.
588 2772 663 2820 62,
690 2773 778 2824 14),
810 2770 924 2812 liber
958 2771 1051 2812 eius
1085 2773 1154 2825 (p.
1187 2774 1264 2826 62,
1290 2774 1379 2821 16),
1406 2771 1653 2812 hostiarum
1681 2771 1932 2813 oblationes
1960 2774 2026 2823 (p.
2059 2772 2133 2819 64,
2160 2770 2216 2822 1),

312 2843 562 2885 sacerdotia
593 2844 768 2899 (Bloysi
799 2849 838 2886 et
874 2844 1058 2894 Christi,
1077 2860 1126 2899 p.
1159 2848 1232 2898 64,
1259 2848 1376 2887 1-—3
1399 2849 1439 2887 et
1463 2847 1658 2896 10-14,
1692 2845 1748 2899 cf.
1767 2858 1816 2898 p.
1845 2847 1920 2898 66,
1945 2845 2022 2898 10)
2048 2842 2218 2886 Christi

311 2916 524 2959 mandata
550 2920 614 2971 (p.
647 2921 722 2972 64,
751 2921 813 2970 3),
839 2918 1075 2960 fabricatio
1103 2918 1224 2960 aedis
1251 2918 1319 2974 (id
1343 2923 1406 2960 est
1431 2919 1641 2961 ecclesiae
1664 2918 1939 2961 credentium
1955 2931 2005 2971 p.
2030 2919 2107 2970 64,
2125 2917 2215 2969 16),

311 2991 571 3032 testimonia
605 2991 854 3045 (seniorum
886 2995 927 3032 et
958 2991 1345 3046 euanyelistarum
1368 3006 1419 3046 p.
1457 2994 1485 3033 6
1493 2994 1533 3042 6,
1567 2996 1591 3033 1
1625 2994 1752 3046 sqq),
1787 3004 1904 3045 quae
1932 2990 2089 3032 itidem
2118 3003 2216 3043 sep-

311 3069 396 3105 tem
419 3069 723 3106 numerantur
814 3064 866 3106 21
894 3065 1194 3120 intellegitur]
1223 3066 1496 3108 Victorinus
1526 3078 1646 3108 more
1674 3065 1953 3108 Graecorum
1977 3076 2215 3105 numerum

296 3138 588 3192 ‘siriyularem
611 3139 784 3192 posuit,
818 3139 874 3191 ef.
907 3138 1131 3193 Roensch,
1164 3140 1298 3182 Itala
1318 3139 1334 3166 2
1358 3154 1408 3195 p.
1447 3142 1543 3181 435
